
@Book{davenport,
  author =	 {H. Davenport},
  title = 	 {The higherArithmetic : An Introduction to the Theory of Numbers},
  publisher = 	 {Cambridge University Press},
  year = 	 1952,
  edition =	 {7th}
}

@Book{hardy,
  author =	 {Hardy and Wright},
  title = 	 {Introduction to the theory of numbers},
  publisher = 	 {Oxford press},
  year = 	 1975
}

@InProceedings{debled_cvxhull,
  author = 	 {I. Debled-Rennesson and J.L. R\'emy and J. Rouyer-Degli},
  title = 	 {Detection of discrete convexity of polyominoes},
  booktitle = 	 {9th International Conferencee in Discrete Geometry for Computer Imagery},
  pages =	 {491--504},
  year =	 2000,
  editor =	 {G. Borgefors nad I. Nystr\"om and G. Sanniti di Baja},
  address =	 {Uppsala, Sewden},
  month =	 {December}
}

@Article{fisk,
  author = 	 {S. Fisk},
  title = 	 {Separating Points Sets by Circles, and the Recognition of Digital Disks},
  journal = 	 {IEEE Transaction on Pattern Analysis and Machine Intelligence},
  year = 	 1986,
  volume =	 8,
  number =	 4,
  pages =	 {554--556}
}


@InProceedings{iwvf4,
  author = 	 {D. Coeurjolly and S. Miguet and L. Tougne},
  title = 	 {Discrete Curvature based on Osculating Circle Estimation},
  booktitle = 	 {International Worshop in Visual Form IV},
  year =	 2001
}



@Article{kovalevsky,
  author =       {V. A. Kovalevsky},
  title =        {New Definition and Fast Recognition of Digital Straight Segments and 
Arcs},
  journal =      {Proceedings of the tenth international conference on Pattern Analysis
 and Machine Intelligence},
  year =         1990,
  month =        jun
}

@Article{rosenfeld,
  author =       {A. Rosenfeld},
  title =        {Digital straight lines segments},
  journal =      {IEEE Transactions on Computers},
  year =         1974,
  pages =        {1264--1369},
}

%These Andres sur les cercles et rotations
@PhdThesis{andres,
  author =       {E. Andr\`es},
  title =        {Cercles Discrets et Rotations discretes},
  school =       {Universit{\'e} Louis Pasteur - Strasbourg},
  year =         1994
}

@Article{vialard,
  author =       {A. Vialard},
  title =        {Geometrical Parameters Extraction from Discrete Paths},
  journal =      {Discrete Geometry for Computer Imagery},
  year =         1996
}

@Article{sauer,
  author = 	 {P. Sauer},
  title = 	 {On the recognition of digital circles in linear time},
  journal = 	 {Computational Geometry: Theory and Application 2},
  year = 	 1993,
  pages =	 {287--302}
}
 




@Article{damaschke,
  author = 	 {P. Damaschke},
  title = 	 {The linear time recognition of digital arcs},
  journal = 	 {Pattern Recognition Letters},
  year = 	 1995,
  number =	 16,
  pages =	 {543--548},
  month =	 {May}
}



@Article{debled,
  author = 	 {I. Debled-Rennesson and J. P. Reveill\`es},
  title = 	 {A linear algorithm for segmentation of digital curves},
  journal = 	 {Parallel Image Analysis: Theory and Applications},
  year = 	 1993,
  pages =	 {73--100}
}




@PhdThesis{debledthese,
  author = 	 {I. Debled},
  title = 	 {Etude et reconnaissance des droites et plans discrets},
  school = 	 {Universit\'e Louis Pasteur - Strasbourg},
  year = 	 1995
}

@PhdThesis{vittone,
  author = 	 {J. Vittone},
  title = 	 {Caract\'erisation et reconnaissance de droites et de plans en g\'eom\'etrie discr\`ete},
  school = 	 {Universit\'e Joseph Fourier-Grenoble 1},
  year = 	 1999,
  month =	 {d\'ecembre}
}


@InProceedings{zunic,
  author = 	 {N. Sladoje and J. Zuni\'c},
  title = 	 {Ellipses Estimation from their Digitization},
  booktitle = 	 {Lecture Notes in Computer Science},
  pages =	 {187--198},
  year =	 1997,
  editor =	 {Springer},
  volume =	 1347
}


@PhdThesis{gerard,
  author = 	 {Y. G{\'e}rard},
  title = 	 {Contribution \`a la g\'eom\'etrie discr\`ete},
  school = 	 {Universit\'e d'Auvergne - Clermont-Ferrand I},
  year = 	 {1999}
}

@Article{thomas,
  author =       "S. M. Thomas and Y. T. Chan",
  title =        "A Simple Approach for the Estimation of Circular Arc
                 Center and its Radius",
  volume =       "45",
  pages =        "362--370",
  institution =  "RMC Canada",
  journal =      "Computer Vision, Graphics and Image Processing",
  keywords =     "IMAGE PART MEASUREMENT",
  year =         "1989",
}

@INPROCEEDINGS{laurefab,
  author = {F. Feschet and L. Tougne},
  title = {Optimal Time Computation of the Tangent of a Discrete Curve : Application to the Curvature},
  booktitle = {Discrete Geometry for Computer Imagery},
  year = {1999},
}


 @Article{toussaint,
  author = 	 {G. T. Toussaint and D. Avis},
  title = 	 {On a convex hull algorithm for polygons and its
application to triangulation problems},
  journal = 	 {Pattern Recognition},
  year = 	 {1982},
  OPTkey = 	 {},
  OPTvolume = 	 {15},
  OPTnumber = 	 {},
  OPTpages = 	 {32--29},
  OPTmonth = 	 {},
  OPTnote = 	 {},
  OPTannote = 	 {}
}

@Article{graham,
  author =       "R. L. Graham",
  title =        "An efficient algorithm for determining the convex hull
                 of a finite planar set",
  journal =      "Information Processing Letters",
  volume =       "1",
  number =       "4",
  pages =        "132--133",
  day =          "??",
  month =        jun,
  year =         "1972",
  coden =        "IFPLAT",
  ISSN =         "0020-0190",
  bibdate =      "Wed Nov 11 12:16:26 MST 1998",
  classification = "C4190 (Other numerical methods)",
  corpsource =   "Bell Telephone Labs. Inc., Murray Hill, NJ, USA",
  keywords =     "convex hull; efficient algorithm; extreme points;
                 finite planar set; numerical methods; set theory",
  treatment =    "T Theoretical or Mathematical",
}

@Article{sklansky,
 author={ J. Sklansky},
 year= 1972,
 title={ Measuring concavity on a rectangular mosaic},
 journal={IEEE Trans. Comput.},
 volume= 21,
 pages=  {1355--1364}
}




@Book{deberg,
  author =	 {M. de Berg and  M. van Kreveld and  M. Overmars and  O. Schwarzkopf},
  title = 	 {Computational Geometry},
  publisher = 	 {Springer-Verlag},
  year = 	 2000
}

@Article{jonas97,
  author =       "A. Jonas and N. Kiryati",
  title =        "Digital representation schemes for 3D curves",
  journal =      "Pattern Recognition ",
  pages =        "1803--1816",
  volume =       "30",
  number =       "11",
  year =         "1997",
}

@Book{voss,
  author =	 {K. Voss},
  title = 	 {Discrete Images, Objects and Functions in $\mathbb{Z}^n$},
  publisher = 	 {Springer-Verlag},
  year = 	 1993,
  number =	 11,
  series =	 {Algorithms and Combinatorics}
}

