%% Distances et geodesiques
@PhdThesis{cuisenaire_these,
  author = 	 {Olivier Cuisenaire},
  title = 	 {Distrance Transformations : Fast Algorithms and Applications to Medical Image Processing},
  school = 	 {Université Catholique de Louvain},
  year = 	 1999,
  month =	 {oct}
}
@misc{ puig,
    author = "A. Puig",
    title = "Discrete medial axis transform for discrete objects",
    text = "A. Puig. Discrete medial axis transform for discrete objects. Report LSI-98-22-R,
      Polytechnical University of Catalunya, Spain, 1998.",
    year = "1998"
}
@InBook{ragnemalm,
  title =        "Contour processing distance transforms",
  publisher =    "World Scientific",
  year =         "1990",
  author =       "I.~Ragnemalm",
  pages =        "204--211",
}


@Article{Mitchell,
  author =       "Joseph S. B. Mitchell and David M. Mount and Christos
                 H. Papadimitriou",
  title =        "The discrete geodesic problem",
  journal =      "SIAM Journal on Computing",
  volume =       "16",
  number =       "4",
  pages =        "647--668",
  month =        aug,
  year =         "1987",
  coden =        "SMJCAT",
  ISSN =         "0097-5397 (print), 1095-7111 (electronic)",
  mrclass =      "68U05 (05C38 52-04 68Q25 90B10)",
  mrnumber =     "88m:68055",
  mrreviewer =   "Jacques A. Ferland",
  bibdate =      "Sat Jan 18 18:03:50 MST 1997",
  acknowledgement = ack-nhfb,
  keywords =     "path planning, geodesic distance, shortest paths,
                 polyhedra, {Vorono{\u{\i}}} diagrams, continuous
                 Dijkstra",
  oldlabel =     "geom-1015",
}
@InProceedings{sharir,
  author =       "M. Sharir and A. Schorr",
  title =        "On Shortest Paths in Polyhedral Spaces",
  pages =        "144--153",
  booktitle =    "{ACM} Symposium on Theory of Computing ({STOC} '84)",
  month =        apr,
  publisher =    "ACM Press",
  address =      "Baltimore, USA",
  year =         1984,
  ISBN =         "0-89791-133-4",
}

%Livre geometrie discrete
@Book{montanvert,
  author =	 {J-M. Chassery and A. Montanvert},
  title = 	 {Géométrie discrète en analyse d'images},
  publisher = 	 {Éditions Hermes},
  year = 	 1991
}


%Courbure d'ordre k
@Article{bennett,
  author = 	 {J.R. Bennett and J.S. Mac Donald},
  title = 	 {On the measurement of curvature in a quantized environnement},
  journal = 	 {IEEE Transactions on Computers},
  year = 	 1975,
  volume =	 24,
  number =	 8,
  pages =	 {803-820},
  month =	 {August}
}
@Article{rosenfeld,
  author = 	 {A. Rosenfeld and E. Johnston},
  title = 	 {Angle detection on digital curves},
  journal = 	 {IEEE Transactions on Computers},
  year = 	 1973,
  pages =	 {875-878},
  month =	 {September}
}

%Courbure 2D classiques
@Article{Worring,
  author =       "Marcel Worring and Arnold W. M. Smeulders",
  key =          "Worring \& Smeulders",
  title =        "Digital Curvature Estimation",
  journal =      "Computer Vision, Graphics, and Image Processing. Image
                 Understanding",
  volume =       58,
  number =       3,
  pages =        "366--382",
  month =        nov,
  year =         1993,
  coden =        "CIUNEJ",
  ISSN =         "1049-9660",
  bibdate =      "Wed Mar 8 08:52:57 MST 2000",
  url =          "http://www.idealibrary.com/links/artid/ciun.1993.1048/production;
                 http://www.idealibrary.com/links/artid/ciun.1993.1048/production/pdf;
                 http://www.idealibrary.com/links/artid/cviu.1993.1050/production;
                 http://www.idealibrary.com/links/artid/cviu.1993.1050/production/pdf",
  acknowledgement = ack-nhfb,
  affiliation =  "Dept. of Comput. Sci., Amsterdam Univ., Netherlands",
  classification = "C1140Z (Other and miscellaneous); C4130
                 (Interpolation and function approximation); C5260B
                 (Computer vision and picture processing)",
  doi =          "10.1006/cviu.1993.1050; 10.1006/ciun.1993.1048",
  keywords =     "Curvature estimation problem; Digital curvature
                 estimation; Directional inaccuracy; Precision; Residual
                 error; Theoretical analysis",
  location =     "CMU E&S Library",
  thesaurus =    "Curve fitting; Estimation theory; Image processing",
}

%%%%%%%%%%%%% From David Sarrut
@ARTICLE{zana-eye,
  author = {F. Zana and J.C. Klein},
  title = {{A Multimodal Registration Algorithm of Eye Fundus Images Using Vessels Detection and Hough Transform}},
  journal = {IEEE Transactions on Medical Imaging},
  year = 1999,
  volume = 18,
  number = 5,
  pages = {419--42},
  month = {May},
}
@INPROCEEDINGS{lester-fluid,
  author = {H. Lester and S.R. Arridge and K.M. Jansons},
  booktitle = {Medical Image Understanding and Analysis},
  title = {{Local Deformation Metrics and nonlinear
       Registration using a Fluid Model with variable
       Viscosity}},
  year = 1998,
  month = {July},
  url = {http://www-ipg.umds.ac.uk/miua/},
}
@INPROCEEDINGS{liu-core,
  author = {A. Liu and S.M. Pizer and D. Eberly and B. Morse
       and J. Rosenman and E.L. Chaney and E. Bullitt and V
       Carrasco},
  title = {{Volume Registration using the {3D} Core}},
  booktitle = {Visualization in Biomedical Computing 94},
  pages = {217--226},
  year = 1994,
  publisher = {SPIE},
  volume = 2659,
}
@ARTICLE{moss,
  author = {S. Moss and E. R. Hancock},
  title = {Image Registration with Shape Mixtures},
  journal = {Springer Verlag, Lecture Notes in Computer Science},
  volume = 1311,
  pages = {172--179},
  year = 1997,
}
@INPROCEEDINGS{syn,
  author = {M. Syn and R. Prager},
  title = {Bayesian Registration of Models Using FEM
       Eigenmodes},
  booktitle = {Cambridge University},
  year = 1995,
}





%Livre de Math DEUG
@Book{mathprepa,
  author =	 {Lelong-Ferrand and Arnaudies},
  editor =	 {Dunod},
  title = 	 {Cours de mathématiques},
  publisher = 	 {Dunod},
  year = 	 {?}
}

%DEA : nuage de point et courbure analytique
@InProceedings{schreiber,
  author = 	 {H. Hagen and S. Heinz and M. Thesing and T. Schreiber},
  title = 	 {Simulation Based Modeling},
  booktitle = 	 {International Journal of Shape Modeling},
  pages =	 {143-164},
  year =	 1998,
  volume =	 4,
  number =	 {3-4}
}

%Parcours de surface par coupe
@PhdThesis{mathieu,
  author = 	 {G. Mathieu},
  title = 	 {Parcours du graphe des surfels d'un objet voxelisé binaire. Applications à l'analyse d'images {3D}},
  school = 	 {Ecole des mines de St-Etienne},
  year = 	 2000
}

%Parcours surface par chemin hamiltonien
@PhdThesis{perroton,
  author = 	 {Laurent Perroton},
  title = 	 {Segmentation parallèle d'images volumiques},
  school = 	 {Ecole Normale Superieure de Lyon},
  year = 	 1994
}

% Un algo de parcours de surface 3D quelconques
@Article{koval99,
  author = 	 {Vladimir Kovalevsky},
  title = 	 {A Topological Method of Surface Representation},
  journal = 	 {Discrete Geometry for Computer Imagery},
  year = 	 1999,
  pages =	 {118-135}
}
%Definition topologie Complexe cellulaires Khalimsky
@InCollection{khalimsky,
  author = 	 {E. Khalimsky and R. Kopperman and P.R. Meyer},
  title = 	 {Computer Graphics and connected topologies on finite ordered sets},
  booktitle = 	 {Topology and its Application},
  pages =	 {1-17},
  publisher =	 {Elsevier Science Publisher B.V},
  year =	 1990,
  volume =	 36
}

% Proprietes des droites naives 3d
@Article{Salam,
  author = 	 {Ivan Salam and Phillipe Nehlig and Eric Andres},
  title = 	 {Discrete Ray-Casting},
  journal = 	 {Discrete Geometry for Computer Imagery},
  year = 	 1999
}
% Def et prop des droites discretes 3D
@Article{figueiredo,
  author = 	 {Oscar Figueiredo and Jean-Pierre Reveillès},
  title = 	 {A Contribution to {3D} Digital Lines},
  journal = 	 {Discrete Geometry for Computer Imagery},
  year = 	 1995,
  annote =	 {5th Int. Workshop, Clermont-Ferrand - France}
}


%Notions de courubre elementaires 
@Article{imiya,
  author = 	 {Atsushi Imiya and Ulrich Eckhardt},
  title = 	 {The Euler Characteristic of Discrete Object},
  journal = 	 {Discrete Geometry for Computer Imagery},
  year = 	 1997,
  pages= {163-174}
}

%these reveilles
@PhdThesis{reveilles,
  author = 	 {J.P. Reveilles},
  title = 	 {Géométrie discrète, calcul en nombres entiers et algorithmique.},
  school = 	 {Université Louis Pasteur - Strasbourg},
  year = 	 1991
}

	  
		  

%These de Laure
@PhdThesis{laurethese,
  author = 	 {Laure Tougne},
  title = 	 {Cercles discrets sur automates cellulaires},
  school = 	 {École Normale Supérieur de Lyon},
  year = 	 1997
}
%Laure TCS
@Article{laureTCS,
  author = 	 {M. Delorme and J. Mazoyer and L. Tougne},
  title = 	 {Discrete parabolas and circles on 2D cellular automata},
  journal = 	 {Theoretical Computer Science},
  year = 	 1999,
  volume =	 218,
  pages =	 {347-417}
}

%Laure TCS



%These Andres sur les cercles et rotations
@PhdThesis{andresthese,
  author = 	 {Eric Andres},
  title = 	 {Cercles Discrets et Rotations discretes},
  school = 	 {Université Louis Pasteur - Strasbourg},
  year = 	 1994
}

% Petit truc de coubure sur le code de freeman et extraction de points
%		  d'interet
@ARTICLE{teh,
  author={ C-H. Teh and R. Chin},
  title={On the Detection of Dominant Points on Digital Curves},
  journal={IEEE Transactions on Pattern Analysis and Machine
		  Intelligence},
  volume={11},
  year={1989},
  month={August},
  pages={859--872},
}
		  
		  
% Segmentation nuage points 3D
@PHDTHESIS{chaine,
  author = {Raphaelle Chaine},
  title = {Segmentation d'ensembles non organis\'es  de points {3D} d'une surface : propagation anisotropique d'etiquettes bas\'ee sur les graphes},
  school = {Université Claude Bernard - Lyon 1},
  year = {2000},
  month = {January},
}		  
		  
%These David
@PHDTHESIS{dsarrut-thesis,
  author = {David Sarrut},
  title = {Recalage multimodal et plate-forme d'imagerie médicale à
  accès distant},
  school = {Université Lumière Lyon 2},
  year = {2000},
  month = {January},
  url = {http://eric.univ-lyon2.fr/~dsarrut/these/},
}

@PhdThesis{fabien,
  author =       {Fabien Feschet},
  title =        {Techniques d'imagerie pour l'aide au positionnement en dosimétrie conformationnelle},
  school =       {INSA de Lyon},
  year =         1998
}

% Les Marching lines et utilisation pour l'imagerie med.
@TECHREPORT{thirion-marching-lines,
  author = {J.P. Thirion and A. Gourdon},
  title = {The 3{D} {M}arching {L}ines {A}lgorithm and its
       {A}pplication to {C}rest {L}ines {E}xtraction},
  institution = {INRIA},
  year = {1992},
  month = {April},
  number = {1672},
}
		  
		  
		  
% Topologie des plans, relation width-connexite et classes d'ombrelles
%
@Article{francon95,
  author =       {Jean Francon},
  title =        {Arithmetic planes and combinatorial manifold},
  journal =      {Discrete Geometry for Computer Imagery},
  year =         1995
}




%
% Reconnaissance de plan par tricubes
%
@Article{tricube,
  author =       {J. Vittone and J.M. Chassery},
  title =        {Coexistence of tricubes in digital naive plane},
  journal =      {Discrete Geometry for Computer Imagery},
  year =         1997
}

% Article sur les neiges avec une courbure basee sur le squelette...
% et courbure 3D par extrapolation courbure 2D

@Article{neige,
  author =       {J.B. Brzoska B. Lesaffre C. Coléou K. Xu  R.A. Pieritz},
  title =        {Computation of {3D} curvature on a wet snow sample},
  journal =      {The European Physical Journal Applied Physics},
  year =         1999
}


% Calcul de courbure par filtrages {3D} récursifs et calcul de courbure par 
% la matrice Hessienne
@TechReport{inria,
  author =       {O. Monga and  R. Lengagne and R. Deriche},
  title =        {Crest lines in volume {3D} medical images : a multi-scale approach},
  institution =  {INRIA, Projet SYNTIM},
  year =         1994
}


% Approche courbure 2D puis application sur la {3D} mais par slices
%

@Article{DebledDGCI,
  author =       {P. Tellier  and I. Debled-Rennesson},
  title =        {{3D} Discrete Normal Vector},
  journal =      {Discrete Geometry for Computer Imagery},
  year =         1999,
  pages =        {447-458}
}




@PhdThesis{debled,
  author =       {Isabelle Debled-Rennesson},
  title =        {Etude et reconnaissance des droites et plans discrets},
  school =       {Université Louis Pasteur},
  year =         1995
}


% Polyhedrisation de faces par reconnaissance de plans
%
@Article{francon,
  author =       {Jean Françon and Laurent Papier},
  title =        {Polyhedrization of the Boundary of a Voxel Object},
  journal =      {Discrete Geometry for Computer Imagery},
  year =         1999
}

% Reconnaissance de plans discrets par algo Fourier
% preced de francon pour polyhedr...
@Article{fourier,
  author =       {J. Françon and J.M. Schramm and M. Tajine},
  title =        {Recognizing arithmetic straight lines and planes},
  journal =      {Discrete Geometry for Computer Imagery},
  year =         1996
}



% digitalisation de courbe de bezier et principe de digitalisation de courbes polyn.
%
@Article{bezier,
  author =       {O. Figueiredo and J.P. Reveillès and R. Hersch},
  title =        {Digitalization of Bézier Curves and Patches using Discrete Geometry},
  journal =      {Discrete Geometry for Computer Imagery},
  year =         1999,
  month =        {march}
}

%%%%%%%%%%%%%%%%%%%%%%%
%                     %
%                     %
% ARTICLES A LIRE     %
%                     %
%                     %
%%%%%%%%%%%%%%%%%%%%%%%


% 
%
@Article{lenoirbis,
  author =       {A. Lenoir  and R. Malgouyres and  M. Revenu},
  title =        {Fast Computation of the Normal Vector Field of the Surface of a {3D} Discrete Object},
  journal =      {Discrete Geometry for Computer Imagery},
  year =         1996
}


% Papier de laure et Fabien sur les steles
%
@InProceedings{laurefab,
  author =       {Fabien Feschet and Laure Tougne},
  title =        {Optimal Time Computation of the Tangent of a Discrete Curve : Application to the Curvature},
  booktitle =    {Discrete Geometry for Computer Imagery},
  year =      1999
}



@Article{kovalevsky,
  author = 	 {V.A. Kovalevsky},
  title = 	 {New Definition and Fast Recognition of Digital Straight Segments and Arcs},
  journal = 	 {Proceedings of the tenth international conference on Pattern Analysis and Machine Intelligence},
  year = 	 1990,
  month =	 jun
}



@Article{matij,
  author = 	 {Ju.V. Matijasevic},
  title = 	 {Enumerable sets are Diophantine},
  journal = 	 {Soviet Mathemeatics Dolklady},
  year = 	 1970
}

@Article{laure,
  author = 	 {Laure Tougne},
  title = 	 {Circle Digitization and Cellular Automata},
  journal = 	 {Discrete Geometry for Computer Vision},
  year = 	 1996,
  pages =	 {283--294}
}

% Encore DGCI mais courbure en 2D en utilisant les chemins Euclidiens
%
@Article{vialard,
  author =       {Anne Vialard},
  title =        {Geometrical Parameters Extraction from Discrete Paths},
  journal =      {Discrete Geometry for Computer Imagery},
  year =         1996
}



% DGCI encore slice
% avec une notion de filtrage recursif
@Article{lenoir,
  author =       {Alexandre Lenoir},
  title =        {Fast Estimation of Mean Curvature on the Surface of a {3D} Discrete Object},
  journal =      {Discrete Geometry for Computer Imagery},
  year =         1997
}

% Estimation de la courbure 2D avec un filtre median
%
@InProceedings{matas,
  author =       {J. Matas and Z. Shao and J. Kittler},
  title =        {Estimation of Curvature and Tangent Direction by Median Filtered Differencing},
  booktitle =    {International Conference on Image Analysis and Processing},
  year =         1995,
  month =        {september}
}


% Definitions d'un plan discret
%
@InProceedings{andres,
  author =       {E. Andres},
  title =        {Le plan discret},
  booktitle =    { Colloque de géomètrie discrète en imagerie : fondements et applications},
  year =         1993,
  month =        {Septembre}
}

% these vialard
@PhdThesis{vialardthese,
  author =       {Anne Vialard},
  title =        {Chemin euclidiens : un modèle de représentation des contours discrets},
  school =       {Université de Bordeaux 1},
  year =         1996
}


%algo parcours surface {3D}
@Article{udupa,
  author =       {J. Udupa},
  title =        {Multidimensional Digital Boundaries},
  journal =      {CVGIP : Graphical models and image processing},
  year =         1994,
  volume =       56,
  pages =        {311-323},
  month =        {July}
}

% algo de parcours d'une surface {3D}
@InProceedings{artzy,
  author =       {E. Artzy and G. Freider and G. Herman},
  title =        {The Theory, Design, Implementation and Evaluation of a Three-dimensional Surface Detection Algorithm},
  booktitle =    {Computer Graphics and Image Processing},
  pages =        {1-24},
  year =         1981
}

% Calcul rapide de tangente {3D} avec interpolation normales elementaires
% notion d'ombrelles d'ordre k

@Article{papiertangente,
  author =       {L. Papier and J. Françon},
  title =        {Evalutation de la normale au bord d'un objet discret {3D}},
  journal =      {Revue CFAO et d'informatique graphique},
  year =         1998,
  volume =       13,
  pages =        {205-226}
}

