@INPROCEEDINGS{dcoeurjo_decim,
  author = {D. Coeurjolly and D. Sarrut and L. Tougne},
  title = {D{\'e}cimation en Imagerie M{\'e}dicale 3D},
  booktitle = {Courbes Surfaces et Algorithmes},
  year = {1999},
  organization = {Journ{\'e}es du Groupe de Travail ``Mod{\'e}lisation
                  G{\'e}om{\'e}trique''},
  address = {Grenoble, France},
  url = {decimation.ps.gz},
  month = {September},
}


@InProceedings{dcoeurjo_SFC,
  author = 	{David Coeurjolly and Fabien Feschet and Laure Tougne} ,
  title = 	 {Extraction de primitives géométriques pour la classification automatique de profils de stèles funéraires},
  booktitle = 	 {8ièmes Rencontres de la Société Francophone de Classification},
  year = 	 2001,
  url={Coeurjolly_Feschet_Tougne.pdf},
  address = 	 {Guadeloupe, France},
  month = 	 {december}
}

@InProceedings{dcoeurjo_IWVF4,
  author = 	 {D. Coeurjolly and S. Miguet and L. Tougne},
  title = 	 {Discrete Curvature based on Osculating Circle Estimation},
  booktitle = 	 {International Workshop on Visual Form 4},
  pages =	 {303--312},
  year =	 2001,
  editor = 	 {C. Arcelli and L.P. Cordella and G. Sanniti di Baja},
  number =	 2059,
  month =	 {May},
  publisher =	 {Springer Lecture Notes in Computer Science, 2059},
  note =	 {Capri, Italy},
  url={iwvf4.ps.gz}
}



@InProceedings{dcoeurjo_length3D,
  author = 	 {David Coeurjolly and Isabelle Debled-Rennesson and Olivier Teytaud},
  title = 	 {Segmentation and Length Estimation of 3D Discrete Curves},
  booktitle = 	 {Digital and Image Geometry},
  pages =	 {295--313},
  year = 	 2001,
  editor=        {G. Bertrand and A. Imiya and R. Klette},
   publisher = {Springer Lecture Notes in Computer Science, 2243},
  url={3DNSS.ps.gz}

}



@InProceedings{dcoeurjo_digitalarc,
  author = 	 {David Coeurjolly and Yan Gerard and Jean-Pierre Reveillès and Laure Tougne},
  title = 	 {An elementary algorithm for digital arc segmentation},
  booktitle = 	 {International Workshop on Combinatorial Image Analysis},
  year = 	 2001,
  editor = 	 {Sébastien Fourey and Gabor T. Herman and T. Yung Kong},
  volume = 	 46,
  series = 	 {Electronic Notes in Theoretical Computer Science},
  month = 	 {August},
  organization = {},
  publisher = {Elsevier Science Publishers},
 address= {Temple University , Philadelphia, Pennsylvania, U.S.A. }
}


@InProceedings{dcoeurjo_DGCI2002,
  author = 	 {D. Coeurjolly},
  title = 	 {Visibility in Discrete Geometry: An Application to Discrete Geodesic Paths},
  booktitle = 	 {Discrete Geometry for Computer Imagery},
  pages =	 {326--327},
  year =	 02,
  editor =	 {A. Braquelaire, J.-O. Lachaud, A. Vialard},
  address =	 {10th International Conference, DGCI 2002, Bordeaux, France},
  month =	 {April},
  publisher =	 {Springer Lecture Notes in Computer Science, 2301}
}

@InProceedings{dcoeurjo_ICPR,
  author = 	 {D. Coeurjolly and R. Klette},
  title = 	 {A Comparative Evaluation of Length Estimators},
  booktitle = 	 {Internaltional Conference on Pattern Recognition},
  year = 	 2002,
  address = 	 {Quebec},
  publisher = 	 {IEEE Computer Science}
}

@InProceedings{dcoeurjo_Denis,
  author = 	 {D. Coeurjolly and R. Klette},
  title = 	 {Estimateurs de longueur discrets},
  booktitle = 	 {Denis Richard 60th Birthday Conference},
  year = 	 2002,
  address = 	 {Clermont-Ferrand},
  url=           {longueur.pdf}
}
