@Article{IAS,
   author = {F. Flin and J.-B. Brzoska and B. Lesaffre and C. Coléou and P. Lamb
oley},
   title = {Computation of normal Vectors of discrete {3D} objects: application
to natural snow images from {X}-ray tomography},
   journal = {Image Anal. Stereol.},
   year = 2001,
   month = {Nov.},
   volume = 20,
   pages = {187-191},
}

