@InProceedings{nystrom,
  author = 	 {J. Lindblad and I.  Nystr{\"o}m},
  title = 	 {Surface Area Estimation of Digitized 3D Objects Using Local Computations},
  booktitle = 	 {Discrete Geometry for Computer Imagery},
  pages =	 {267--278},
  year =	 02,
  editor =	 {A. Braquelaire, J.-O. Lachaud, A. Vialard},
  address =	 {10th International Conference, DGCI 2002, Bordeaux, France},
  month =	 {April},
  publisher =	 {Springer Lecture Notes in Computer Science, 2301}
}



@InProceedings{klette_IWVF4,
  author = 	 {R. Klette and H. J. Sun},
  title = 	 {Digital planar segment based polyhedrization for surface area estimation},
  booktitle = 	 {International Workshop on Visual Form 4},
  series =      "Lect. Notes Comput. Sci.",
  pages =	 {356--366},
  year =	 2001,
  editor = 	 {C. Arcelli and L. P. Cordella and G. Sanniti di Baja},
  volume =	 2059,
  publisher =	 {Springer-Verlag},
  annote =	 {Capri, Italy},
}
@InProceedings{Klette_ICPR_surface,
  author = 	 {D. Yu and R. Klette},
  title = 	 {An approximative calculation of relative convex hulls for surface area estimation of 3D digital objects},
  booktitle = 	 {Internaltional Conference on Pattern Recognition},
  year = 	 2002,
  address = 	 {Quebec},
  publisher = 	 {IEEE Computer Science}
}

@Inproceedings{sloboda_surface,
  author = {F. Sloboda and B. Zatko},
  title = {On approximation of {J}ordan surfaces in {3D}},
  booktitle = {Digital and Image Geometry},
  series =      "Lect. Notes Comput. Sci.",
	year = 2001,
  editor = {G. Bertrand and A. Imiya and R. Klette},
  volume = 2243,
	pages = {365--388}, 
	publisher = {Springer-Verlag},
}

@Article{mullikin,
  author = 	 {J.C. Mullikin and P.W. Verbeek},
  title = 	 {Surface area estimation of digitized planes},
  journal = 	 {Bioimaging},
  year = 	 1993,
  volume =	 1,
  pages =	 {6--16}
}
@Article{beckers,
  author = 	 {A.~L. Beckers and A.~W.~M. Smeulders},
  title = 	 {Optimization of Length Measurements for Isotropic Distance Transformations in Three Dimensions},
  journal = 	 {CVGIP: Image Understanding},
  year = 	 1992,
  volume =	 55,
  number =	 2,
  pages =	 {296--306},
  month =	 {may}
}



@PhdThesis{lenoirthese,
  author = 	 {A. Lenoir},
  title = 	 {Des outils pour les surfaces discr{\`e}tes :
                  estimation d'invariant g{\'e}om{\'e}triques,
                  pr{\'e}servation de la topologie, trac{\'e}
                  g{\'e}od{\'e}siques et visualisation},


  school = 	 {Universit{\'e} de Caen},
  year = 	 1999
}

@Article{dcoeurjo_PRL2002,
  author = 	 {D. Coeurjolly and S. Miguet and L. Tougne},
  title = 	 {2D and 3D Visibility in Discrete Geometry: an Application to Discrete Geodesic Paths{\Huge PRL}},
  journal = 	 {PRL},
  year = 	 2002
}

@Misc{dcoeurjo_DEA,
  author =	 {D. Coeurjolly},
  title =	 {Courbure d'objets discrets},
  howpublished = {Rapport de DEA, École doctorale IIS, Lyon},
  month =	 {jul},
  year =	 2000,
  note =	 {stage effectué au laboratoire ERIC, Université Lumière Lyon 2}
}

@PhdThesis{,
  author = 	 {},
  title = 	 {},
  school = 	 {},
  year = 	 {},
  OPTkey = 	 {},
  OPTtype = 	 {},
  OPTaddress = 	 {},
  OPTmonth = 	 {},
  OPTnote = 	 {},
  OPTannote = 	 {}
}

@InProceedings{BF94,
  author = 	 {P. Borianne and J. Françon},
  title = 	 {Reversible polyhedrization of discrete volumes},
  booktitle = 	 {4th Discrete Geometry for Computer Imagery},
  pages = 	 {157--168},
  year = 	 1994,
  address = 	 {Grenoble, France},
  month = 	 {sept}

}
@Article{Bresenham_circular,
  author =       "Jack Bresenham",
  title =        "A Linear Algorithm for Incremental Digital Display of
                 Circular Arcs",
  journal =      "Communications of the ACM",
  volume =       20,
  number =       2,
  pages =        "100--106",
  month =        feb,
  year =         1977,
  coden =        "CACMA2",
  ISSN =         "0001-0782",
  bibdate =      "Mon Jan 22 06:28:07 MST 2001",
  abstract =     "Circular arcs can be drawn on an incremental display
                 device such as a cathode ray tube, digital plotter, or
                 matrix printer using only sign testing and elementary
                 addition and subtraction. This paper describes
                 methodology for producing dot or step patterns closest
                 to the true circle.",
  acknowledgement = ack-nhfb,
  classcodes =   "C6130B (Graphics techniques)",
  classification = 723,
  corpsource =   "IBM System Communications Div., Palo Alto, CA, USA",
  journalabr =   "Commun ACM",
  keywords =     "addition; arc generation; arcs; circle drawing;
                 circular; computer graphics; computer programming ---
                 Subroutines; dot generation; imaging techniques;
                 incremental digital display; linear algorithm; raster
                 display; sign testing; subtraction",
  oldlabel =     "Bresenham77",
  treatment =    "P Practical",
  xmldata =      "ftp://ftp.informatik.uni-trier.de/pub/users/Ley/bib/records.tar.gz#journals/cacm/Bresenham77",
}


@Article{Kim84b,
  author =       "C. E. Kim",
  title =        "Digital Disks",
  year =         1984,
  journal =      "IEEE Transactions on Pattern Analysis and Machine
                 Intelligence",
  volume =       6,
  institution =  "Wash St U",
  pages =        "372--374",
  keywords =     "IMAGE PART FORM",
}
@InProceedings{Anderson84c,
  author =       "C. E. Kim and T. A. Anderson",
  title =        "Digital Disks and a Digital Compactness Measure",
  year =         1984,
  booktitle =    "Seventh International Conference on Pattern
                 Recognition (Montreal, Canada, July 30-August 2,
                 1984)",
  year =         1984,
  publisher =    "IEEE",
  series =       "IEEE Publ. 84CH2046-1",
  institution =  "Wash St U",
  pages =        "254--257",
  keywords =     "IMAGE PART FORM",
}

@Article{Nimrod83a,
  author =       "N. Megiddo",
  title =        "Linear-Time Algorithms for Linear Programming in
                 $\mathbb{R}^3$ and Related Problems.",
  journal =      "SIAM Journal of Computing",
  volume =       "12",
  number =       "4",
  pages =        "759--776",
  month =        nov,
  year =         "1983",
  keywords =     "circle, points, convex hull, geometry",
  abstract =     "from the news: to find smallest circle enclosing n
                 points in the plane, ?this is R3?",
}



@Article{worring_circular,
  author = 	 {M. Worring and W.M. Smeulders},
  title = 	 {Digitized circular arcs: characterization and parameter estimation},
  journal = 	 {IEEE Transactions on Pattern Analysis and Machine Intelligence},
  year = 	 1995,
  volume =	 17,
  number =	 6,
  pages =	 {587--598},
  month =	 {jun}
}

@Article{Nakamura,
  author =       "Akira Nakamura and Kunio Aizawa",
  title =        "Digital Circles",
  journal =      "Computer Vision, Graphics, and Image Processing",
  volume =       26,
  number =       2,
  pages =        "242--255",
  month =        may,
  year =         1984,
  coden =        "CVGPDB",
  ISSN =         "0734-189X",
  bibdate =      "Thu Feb 6 18:44:11 MST 1997",
  acknowledgement = ack-nhfb,
  affiliation =  "Hiroshima U",
  classification = 723,
  journalabr =   "Comput Vision Graphics Image Process",
  keywords =     "digital circles; image part form, I35 Circles; image
                 processing; pattern recognition",
}


@Article{Andres_hypersphere,
  author =       "E. Andres and M.-Andr{\'e}e Jacob",
  title =        "The Discrete Analytical Hyperspheres:",
  journal =      "IEEE Transactions on Visualization and Computer
                 Graphics",
  volume =       3,
  number =       1,
  pages =        "75--86",
  month =        jan # "\slash " # mar,
  year =         1997,
  coden =        "ITVGEA",
  ISSN =         "1077-2626",
  bibdate =      "Fri Jan 12 18:12:03 MST 2001",
  url =          "http://www.computer.org/tvcg/tg1997/v0075abs.htm;
                 http://dlib.computer.org/tg/books/tg1997/pdf/v0075.pdf",
  acknowledgement = ack-nhfb,
}



@Article{pitteway,
  author = 	 {M.L.V. Pitteway},
  title = 	 {Integer circles, etc. - some further thoughts},
  journal = 	 {Computer Graphics and Image Processing},
  year = 	 1974,
  volume =	 3,
  pages =	 {262--265}
}

@Article{Andres_circle,
  author =       "Eric Andres",
  title =        "Discrete circles, rings and spheres",
  journal =      "Computers and Graphics",
  volume =       18,
  number =       5,
  pages =        "695--706",
  month =        sep # "--" # oct,
  year =         1994,
  coden =        "COGRD2",
  ISSN =         "0097-8493",
  bibdate =      "Wed Feb 5 07:22:58 MST 1997",
  acknowledgement = ack-nhfb,
  affiliation =  "Universite Louis Pasteur 7",
  affiliationaddress = "Strasbourg, Fr",
  classification = "721.1; 723.5; 921.6",
  journalabr =   "Comput Graphics (Pergamon)",
  keywords =     "Algorithms; Arithmetical circle; Arithmetical sphere;
                 Bresenham's circle; Diophantine equations; Discrete
                 reasoning; Euclidian reasoning; Formal logic; Four
                 connected circles; Half integer centered circles;
                 Incremental generation algorithm; Rings; Three
                 dimensional computer graphics",
}


@Article{acketa,
  author = 	 {D.M. Acketa and J.D. {\v{Z}}uni{\'c}},
  title = 	 {On the maximal number of edges of convex digital polygons included into a $m\times m$-grid},
  journal = 	 {Journal of Combinatorial Theory},
  year = 	 1995,
  volume =	 {Serie A},
  number =	 69,
  pages =	 {358--368}
}

@Book{hochbaum,
  editor =	 {D.S. Hochbaum},
  title = 	 {Approximation algorithms for NP-hard problems},
  publisher = 	 {PWS Publishing Company},
  year = 	 1997
}

@Article{Thomassen1997,
  title =        "On the Complexity of Finding a Minimum Cycle Cover of
                 a Graph",
  author =       "Carsten Thomassen",
  pages =        "675--677",
  journal =      "SIAM Journal on Computing",
  month =        jun,
  year =         1997,
  volume =       26,
  number =       3,
  siam-key =     26725,
  references =   "\cite{SICOMP::Holyer1981} \cite{SICOMP::ItaiLPR1981}",
}


@Article{HocShm86a,
  author =       "D.S. Hochbaum and D. Shmoys",
  title =        "A Unified Approach to Approximation Algorithms for
                 Bottleneck Problems",
  journal =      "Journal of the ACM",
  volume =       33,
  number = 3,
  pages= "533--550",
year =         1986,
}
@Book{west,
  author =	 {D.B. West},
  title = 	 {Introduction to Graph Theory},
  publisher = 	 {Prentice Hall},
  year = 	 2001,
  edition =	 2
}


@article{facettisation_sivi,
  author = 	 {I. Sivignon and D. Coeurjolly},
  title = 	 {{\Huge From digital plane segmentation to polyhedral representation}},
  journal =  {Lyon 2},
  year = 	 {2002},
  OPTkey = 	 {},
  OPTtype = 	 {},
  OPTnumber = 	 {},
  OPTaddress = 	 {},
  OPTmonth = 	 {},
  OPTnote = 	 {},
  OPTannote = 	 {}
}

@InProceedings{burguet,
  title = 	 {Strong thinning and polyhedrisation of the surface of a voxel object},
  author = 	 {J. Burguet and Rémy Malgouyres},
  booktitle = 	 {9th Discrete Geometry for Computer Imagery},
  pages =	 {222--234},
  year =	 2000,
  publisher =	 {LNCS 1953, Springer-Verlag}
}

@inproceedings{sivignondea,
  author = 	 {I. Sivignon},
  title = 	 {Reconnaissance de plans discrets et polyédrisation d'objets 3D},
  booktitle =  {Ecole Normale Sup{\'e}rieure de Lyon},
  year = 	 2001,
  address =	 {stage de DEA au Laboratoire des Images et des Signaux, Grenoble}
}


@PhdThesis{papierthese,
  author = 	 {L. Papier},
  title = 	 {Polyédrisation et visualisation d'objets discrets tridimensionnels},
  school = 	 {Université Louis Pasteur},
  year = 	 1999,
  address =	 {Strasbourg, France}
}

@Article{miguet,
  author = 	 {S. Miguet and J.-M. Nicod},
  title = 	 {Complexity analysis of a parallel implementation of the Maching-Cubes algorithm},
  journal = 	 {International Journal of Pattern Recognition and Artificial Intelligence},
  year = 	 1997,
  volume =	 11,
  number =	 7,
  pages =	 {1141--1156}
}

@InProceedings{lachaud_MC,
  title = 	 {Topologically defined isosurfaces},
  author = 	 {J.-O. Lachaud},
  booktitle = 	 {6th Discrete Geometry for Computer Imagery},
  pages =	 {245--256},
  year =	 1996,
  publisher =	 {LNCS 1176, Springer-Verlag}
}

@InProceedings{marching,
  author =       "W. E. Lorensen and H. E. Cline",
  title =        "Marching Cubes: a High Resolution 3{D} Surface
                 Construction Algorithm",
  year =         "1987",
  booktitle =    "{SIGGRAPH} '87 Conference Proceedings (Anaheim, {CA},
                 July 27--31, 1987)",
   editor =       "M. C. Stone",
  publisher =    "Computer Graphics, Volume 21, Number 4",
  month =        jul,
  institution =  "GE",
  pages =        "163--170",
  keywords =     "IMAGE PART FORM, LARGE DIMENSIONALITY",
}


@InProceedings{kenmochi_dag,
  author =       "Y. Kenmochi and A. Imiya and N.F. Ezquerra",
  title =        "Polyhedra generation from lattice points",
  year =         "1996",
  booktitle =    {6th Discrete Geometry for Computer Imagery},
  publisher =    "LNCS 1176, Springer Verlag",
  pages =        "127--138",
}



@InProceedings{francon_plan,
  author = 	 {J. Françon},
  title = 	 {Arithmetic plans and combinatorial manifolds},
  booktitle = 	 {5th Discrete Geometry for Computer Imagery},
  pages =	 {209--217},
  year =	 1995
}

@InProceedings{reveilles_cvx,
  author = 	 {J.-P. Reveill{\`e}s and G. Yaacoub},
  title = 	 {A sublinear 3D convexhull algorithm for lattices},
  booktitle = 	 {5th Discrete Geometry for Computer Imagery},
  pages =	 {219--230},
  year =	 1995
}

@Article{veelaert,
  author = 	 {P. Veelaert},
  title = 	 {Digital planarity of rectangular surface segments},
  journal = 	 {IEEE Pattern Analysis and Machine Intelligence},
  year = 	 1994,
  volume =	 16,
  number =	 6,
  pages =	 {647--652},
  month =	 {jun}
}

@Article{veelaert_hyper,
  author = 	 {P. Veelaert},
  title = 	 {On the Flatness of digital hyperplanes},
  journal = 	 {Journal of Mathematical Imaging and Vision},
  year = 	 1993,
  volume =	 3,
  pages =	 {205--221}
}

@Article{Kim84f,
  author =       "C. E. Kim",
  title =        "Three-Dimensional Digital Planes",
  year =         "1984",
  journal =      "IEEE Transactions on Pattern Analysis and Machine
                 Intelligence",
  volume =       "6",
  institution =  "Wash St U",
  pages =        "639--645",
  keywords =     "IMAGE PART FORM, LARGE DIMENSIONALITY",
}



@Article{kim91,
  author = 	 {C.E. Kim and I. Stojmenovi{\'c}},
  title = 	 {On the recognition of digital planes in three-dimensional space},
  journal = 	 {Pattern Recognition Letters},
  year = 	 1991,
  number =	 12,
  pages =	 {665--669},
  month =	 {nov}
}

@INPROCEEDINGS{reveillesIWCIA,
  AUTHOR = {J-P. Reveillès},
  TITLE = {The geometry of the intersection of voxel spaces},
  BOOKTITLE = {International Workshop on Combinatorial Image Analysis},
  YEAR = 2001,
  EDITOR = {Sébastien Fourey and Gabor T. Herman and T. Yung Kong},
  VOLUME = 46,
  SERIES = {Electronic Notes in Theoretical Computer Science},
  MONTH = {August},
  ORGANIZATION = {},
  PUBLISHER = {Elsevier Science Publishers},
  ADDRESS = {Temple University , Philadelphia, Pennsylvania, U.S.A. }
}



@Article{grabiner,
  author = 	 {D.J. Grabiner},
  title = 	 {Farey nets and multidimensional continued fractions},
  journal = 	 {Monasth. Math.},
  year = 	 1992,
  volume =	 114,
  number =	 4,
  pages =	 {35--61}
}

@Article{ilroy,
  author = 	 {M.D. McIlroy},
  title = 	 {A note on discrete Representation of lines},
  journal = 	 {AT\&T Technical Journal},
  year = 	 1984,
  volume =	 64,
  number =	 2,
  pages =	 {481--490}
}

@InProceedings{buzer,
  author = 	 {L. Buzer},
  title = 	 {An Incremental Linear Time Algorithm for Digital Line and Plane Recognition Using a Linear Incremental Feasibility Problem},
  booktitle = 	 { 10th International Conference, Discrete Geometry for Computer Imagery},
  pages =	 {372--381},
  year =	 2002,
  number =	 2301,
  series =	 {LNCS},
  address =	 {Bordeaux, France},
  month =	 {april},
  publisher =	 {Springer Verlag}
}
@InProceedings{mesmoudi,
  author = 	 {M.M. Mesmoudi},
  title = 	 {A simplified recognition algorithm of digital planes pieces},
  booktitle = 	 { 10th International Conference, Discrete Geometry for Computer Imagery},
  pages =	 {404--416},
  year =	 2002,
  number =	 2301,
  series =	 {LNCS},
  address =	 {Bordeaux, France},
  month =	 {april},
  publisher =	 {Springer Verlag}
}

@Article{rourke,
  author = 	 {J. O'Rourke},
  title = 	 {An on-line algorithm for straight lines between data ranges},
  journal = 	 {Communication of the ACM : Programming Techniques and Data Structures},
  year = 	 1981,
  volume =	 24,
  number =	 9,
  pages =	 {574--578}
}

@Article{Troesch,
  author =       "A. Troesch",
  title =        "Interpretation geom{\'e}trique de l'algorithme
                 d'{Euclide} et reconnaissance de segments",
  journal =      "Theoretical Computer Science",
  volume =       115,
  number =       2,
  pages =        "291--319",
  day =          19,
  month =        jul,
  year =         1993,
  classification = "C4260 (Computational geometry)",
  corpsource =   "Inst. de Recherche Math. Avanc{\'e}e, Univ. Louis
                 Pasteur, Strasbourg, France",
  keywords =     "computational geometry; discrete straight lines;
                 Euclid's algorithm; geometrical transformations;
                 recognition algorithm; recognition segments; run length
                 slices; straight-line segments"
}


@Article{christoffel,
  author = 	 {E. B. Christoffel},
  title = 	 {Observatio Arithmetica},
  journal = 	 {Annali di Mathematica},
  year = 	 1875,
  volume =	 6,
  pages =	 {148--152},
  note =	 {2nd series}
}

@InBook{bernoulli,
  author =	 {J. Bernoulli},
   title = 	 {Receuil pour les astronomes},
  chapter = 	 {Sur une nouvelle espece de calcul},
   year = 	 1771,
  pages =	 {255--284}
}



@Article{LindenbaumKoplowitz91,
  key =          "Lindenbaum \&{} Koplowitz",
  author =       "M. Lindenbaum and J. Koplowitz",
  title =        "A New Parameterization of Digital Straight Lines",
  journal =      "IEEE Transactions on Pattern Analysis and Machine
                 Intelligence",
  pages =        "847--852",
  volume =       "PAMI-13",
  number =       "8",
  month =        aug,
  year =         "1991",
  location =     "E \&{} S Library",
}

@Article{Smeulders84,
  author =       "L. Dorst and A. N. M. Smeulders",
  title =        "Discrete Representation of Straight Lines",
  year =         "1984",
  journal =      "IEEE Transactions on Pattern Analysis and Machine
                 Intelligence",
  volume =       "6",
  institution =  "TH Delft",
  pages =        "450--463",
  keywords =     "IMAGE PART FORM, SMALL DIMENSIONALITY",
}


@Article{Hubler,
  author =       "A. Hübler and R. Klette and K. Voss",
  title =        "Determination of the convex hull of a finite set of planar points within linear time",
  year =         "1981",
  journal =      "EIK",
  volume =       "17",
  pages =        "121--140",
}


@Article{Hung85,
  author =       "S. H. Y. Hung",
  title =        "On the Straightness of Digital Arcs",
  year =         "1985",
  journal =      "IEEE Transactions on Pattern Analysis and Machine
                 Intelligence",
  volume =       "7",
  institution =  "NRC",
  pages =        "203--215",
  keywords =     "IMAGE PART FORM, SMALL DIMENSIONALITY",
}


@Article{Freeman:1974:CPL,
  author =       "Herbert Freeman",
  title =        "Computer Processing of Line-Drawing Images",
  journal =      "ACM Computing Surveys",
  volume =       6,
  number =       1,
  pages =        "57--97",
  month =        mar,
  year =         1974,
  coden =        "CMSVAN",
 
  bibdate =      "Mon Sep 19 19:22:25 1994",
  acknowledgement = ack-nhfb,
}

@INPROCEEDINGS{christophe,
  author = {C. Lohou and G. Bertrand},
  title = {A new 3D 6-Subiteration Thinning Algorithm based on P-Simple Points},
  booktitle = {Discrete Geometry for Computer Imagery},
  pages = {102--113},
  year = {02},
  editor = {A. Braquelaire, J.-O. Lachaud, A. Vialard},
  address = {10th International Conference, DGCI 2002, Bordeaux, France},
  month = {April},
  publisher = {Springer Lecture Notes in Computer Science, 2301},
}

@Article{montanari,
  author = 	 {U. Montanari},
  title = 	 {Continuous skeletons from digitized  images},
  journal = 	 {Journal of the Association for Computing Machinery},
  year = 	 1969,
  volume =	 16,
  number =	 4,
  pages =	 {534--549},
  month =	 {oct}
}

@PhdThesis{attali,
  author = 	 {D. Attali},
  title = 	 {Squelettes et graphes de Voronoi 2D et 3D},
  school = 	 {Université Jospeh Fourier - Grenoble 1},
  year = 	 1995
}

@InProceedings{cuisenaire_opt,
  author = 	 {O. Cuisenaire and B. Macq},
  title = 	 {Fast and exact signed Euclidean distance transformation with linear complexity },
  booktitle = 	 { IEEE Intl Conference on Acoustics, Speech and Signal Processing},
  year =	 1999
}

@InProceedings{Blum:1964,
  author =       "Harry Blum",
  year =         1964,
  keywords =     "SHAPE SKELETON VISION OCCLUSION",
  institution =  "U. Mass-CS",
  title =        "A transformation for extracting descriptors of shape",
  howpublished = "Models for the Perception of Speech and Visual Forms
                 (Proc of a Symposium) Boston, Moss, No-14, 1964, MIT
                 Press, 1967, ed. Walther Dunn",
  volume =       11,
  pages =        "362--380",
  annote =       "This is an early paper which putted forth the concept
                 of Medial Axis Transform (MAT) for shape description.
                 Author has mainly addressed the problem of 2-D shape
                 description and showed how a MAF (Medial Axis Function)
                 can be effectively used for the purpose. An MAF is
                 generated by locating the corners of intersection of
                 waves, which travel at constant speed in direction
                 normal to contour. MAF has many interesting properties
                 eg. stability, invariance and invertibility. MAF can be
                 used to infer about curvatures of parent contour. It is
                 shown that MAF can be utilized for pattern recognition
                 even in the presence of occlusion. Relation of MAF with
                 psychology and physiology are also indicated. Finally
                 author talks about an experimental system build for
                 getting MAF. On a whole, this paper seems to be a must
                 for understanding concepts of MAF. - RBA 7/94",
}






@InProceedings{borgefors_IWVF4,
  author = 	 {G. Borgefors and S. Svensson},
  title = 	 {Optimal Local Distances for Distance Transforms in 3D Using an Extended Neighbourhood},
  booktitle = 	 {International Workshop on Visual Form 4},
  pages =	 {113--122},
  year =	 2001,
  editor =	 {Springer Verlag},
  number =	 2059,
  series =	 {LNCS}
}

@PhdThesis{remy,
  author = 	 {E. Remy},
  title = 	 {Normes de chanfrein et axe médian dans le volume discret},
  school = 	 {Université de la Méditerranée (Aix-Marseille 2)},
  year = 	 2001
}

@PhdThesis{thiel,
  author = 	 {E. Thiel},
  title = 	 {Les distances de chanfrein en analyse d'images : fondements et applications},
  school = 	 {Université Joseph Fourier},
  year = 	 1994
}
@PhdThesis{thiel_HDR,
  author = 	 {E. Thiel},
  title = 	 {Géométrie des distances de chanfrein},
  school = 	 {Université de la Méditerranée (Aix-Marseille 2)},
  year = 	 2001
}

@Book{boissonnat,
  author =	 {J-D. Boissonnat and M. Yvinec},
  title = 	 {G{\'e}om{\'e}trie algorithmique},
  publisher = 	 {Ediscience Inernational},
  year = 	 1995,
 ISSN =  "0989-392-X"
}

@inproceedings{voroglide,
  author = 	 {C. Icking and R. Klein and P. K{\"o}llner and L. Ma},
  title = 	 {VoroGlide},
  institution =  {FernUniversit{\"a}t Hagen, Praktische Informatik VI, Allemagne},
  year = 	 2001,
url= {http://wwwpi6.fernuni-hagen.de/Geometrie-Labor/VoroGlide},
  note =	 {version 2.2}
}

@InProceedings{couprie_discretization,
  title = 	 {Discretization in 2D and 3D Orders},
  author = 	 {M. Couprie and G. Bertrand and Y. Kenmochi},
  booktitle = 	 {10th International Conference on Discrete Geometry for
                 Computer Imagery},
  pages =	 {301--312},
  year =	 2002,
  number =	 2301,
  series =	 {LNCS},
  publisher =	 {Springer}
}
@InProceedings{sintorn,
  title = 	 {Weighted Distance Transforms for Images Using Elongated Voxel Grids},
  author = 	 {I-M. Sintorn and G. Borgefors},
  booktitle = 	 {10th International Conference on Discrete Geometry for
                 Computer Imagery},
  pages =	 {244--254},
  year =	 2002,
  number =	 2301,
  series =	 {LNCS},
  publisher =	 {Springer}
}


@InProceedings{andres_standard,
  author = 	 {E. Andr{\`e}s},
  title = 	 {Defining Discrete Objects for Polygonalizatio: the Standard Model},
  booktitle = 	 {10th International Conference on Discrete Geometry for
                 Computer Imagery},
  pages =	 {313--325},
  year =	 2002,
  number =	 2301,
  series =	 {LNCS},
  publisher =	 {Springer}
}

@MastersThesis{andres_hdr,
  title = 	 {Mod{\'e}lisation analytique disc{\`e}te d{\'o}bjets g{\'e}om{\'e}triques},
  author = 	 {E. Andr{{\`e}}s},
  school = 	 {Laboratoire IRCOM-SIC, Universit{\'e} de Poitiers},
  year = 	 2000
}

@InProceedings{BerMal96,
  author =       "Bertrand and Malgouyres",
  title =        "Some Topological Properties of Discrete Surfaces",
  booktitle =    "DGCI: International Workshop on Discrete Geometry for
                 Computer Imagery",
  year =         1996,
}

@Article{Malgouyres:1997:DSZ,
  author =       "R{\'e}my Malgouyres",
  title =        "A definition of surfaces of {$Z^3$}: a new {$3$D}
                 discrete {Jordan} theorem",
  journal =      "Theoretical Computer Science",
  volume =       186,
  number =       "1--2",
  pages =        "1--41",
  day =          30,
  month =        oct,
  year =         1997,
  coden =        "TCSCDI",
  ISSN =         "0304-3975",
    acknowledgement = ack-nhfb,
  classification = "B6140C (Optical information, image and video signal
                 processing); C4260 (Computational geometry); C5260B
                 (Computer vision and image processing techniques);
                 C6130B (Graphics techniques)",
  corpsource =   "GREYC, CNRS, Caen, France",
  keywords =     "26-connectivity; 3D discrete Jordan theorem;
                 algorithmic characterization; computational geometry;
                 computer graphics; connected components; finite
                 surface; image processing",
  pubcountry =   "Netherlands",
  treatment =    "P Practical; T Theoretical or Mathematical",
}



@Article{morgenthaler,
  title =	 "Surfaces in Three-Dimensional Digital Images",
  author =	 "D. G. Morgenthaler and A. Rosenfeld",
  pages =	 "227--247",
  journal =	 "Information and Control",
  month =	 dec,
  year =	 "1981",
  volume =	 "51",
  number =	 "3",
}

@Article{Rosenfeld1970,
  title =        "Connectivity in Digital Pictures",
  author =       "Azriel Rosenfeld",
  area =         "Pattern Recognition",
  pages =        "146--160",
  journal =      "Journal of the ACM",
  month =        jan,
  year =         "1970",
  volume =       "17",
  number =       "1",
  keywords =     "digital picture processing, pattern recognition,
                 topology, connectivity, edge-following,
                 border-following, shrinking",
  references =   "\cite{JACM::RosenfeldP1966}",
}


@Book{jordan,
 author="C. Jordan",
 title= "Cours d'analyse III",
 publisher="Paris",
year= 1887
}

@Book{cormen,
  author = "T. Cormen and C. Leiserson and R. Rivest",
  title =  "Introduction {\`a} l'algorithmique",
  publisher = "Dunod",
 ISBN= "2 10 003128 7",
 year=1990
}


@Book{P16,
  author =       "F. P. Preparata and M. I. Shamos",
  title =        "Computational Geometry~: An Introduction",
  publisher =    "Springer-Verlag",
  year =         1985,
}


@Article{BreuEtAl95,
  author =       "H. Breu and J. Gil and D. Kirkpatrick and M. Werman",
  title =        "Linear Time Euclidean Distance Transform Algorithms",
  journal =      "IEEETPAMI: IEEE Transactions on Pattern Analysis and
                 Machine Intelligence",
  volume =       17,
  year =         1995,
}

@Article{Guan,
  author =       "W. Guan and S. Ma",
  title =        "A List-Processing Approach to Compute Voronoi Diagrams and the Euclidean Distance Transform",
  journal =      "IEEETPAMI: IEEE Transactions on Pattern Analysis and
                 Machine Intelligence",
  volume =       20,
  pages =   "757--761",
  year =         1998
}

@Article{SaitTori,
  author =       "T. Saito and J.~I. Toriwaki",
  title =        "New algorithms for {E}uclidean distance
                 transformations of an {$n$}-dimensional digitized
                 picture with applications",
  journal =      "Pattern Recognition",
  year =         1994,
  volume =       27,
  pages =        "1551--1565",
}

@Article{ROSEN_66,
  author =       "A. Rosenfeld and J. L. Pfaltz",
  title =        "Sequential Operations in Digital Picture Processing",
  journal =      "Journal of the ACM",
  volume =       "13",
  number =       "4",
  pages =        "471--494",
  month =        oct,
  year =         "1966",
  coden =        "JACOAH",
  ISSN =         "0004-5411",
  bibdate =      "Tue Nov 1 09:40:47 1994",
  acknowledgement = ack-nhfb,
}


@Article{ROSEN_68,
  author =       "A. Rosenfeld and J. L. Pfalz",
  title =        "Distance functions on digital pictures",
  journal =      "Pattern Recognition",
  volume =       "1",
  year =         "1968",
  pages =        "33--61",
  annote =       "imagery",
}


@Article{KOLO_92,
  author =       "M. N. Kolountzakis and K. N. Kutulakos",
  title =        "Fast computation of the {Euclidian} distance maps for
                 binary images",
  journal =      "Information Processing Letters",
  volume =       43,
  number =       4,
  pages =        "181--184",
  day =          28,
  month =        sep,
  year =         1992,
  coden =        "IFPLAT",
  ISSN =         "0020-0190",
  mrclass =      "68U05 (68Q22 68T10)",
  mrnumber =     "93g:68140",
  bibdate =      "Wed Nov 11 12:16:26 MST 1998",
  acknowledgement = ack-nhfb,
  annote =       "Yes, the title has `Euclidian' instead of
                 `Euclidean'.",
  classification = "C1250 (Pattern recognition); C4240 (Programming and
                 algorithm theory); C6130B (Graphics techniques)",
  corpsource =   "Dept. of Math., Stanford Univ., CA, USA",
  keywords =     "binary images; computer graphics; Euclidian distance
                 maps; fast computation; image processing; parallel
                 algorithms; parallel machine; pattern recognition;
                 running time",
  treatment =    "P Practical; T Theoretical or Mathematical",
}


@Article{MULL_92,
  author =       "J. C. Mullikin",
  title =        "The Vector Distance Transform in Two and Three
                 Dimensions",
  journal =      "Computer Vision, Graphics, and Image Processing.
                 Graphical Models and Image Processing",
  volume =       54,
  number =       6,
  pages =        "526--535",
  month =        nov,
  year =         1992,
  coden =        "CGMPE5",
  ISSN =         "1049-9652",
  bibdate =      "Sat Sep 14 09:14:28 MDT 1996",
  acknowledgement = ack-nhfb,
  affiliation =  "Fac. of Appl. Phys., Delft Univ. of Technol.,
                 Netherlands",
  classification = "B0290Z (Other numerical methods); B6140C (Optical
                 information and image processing); C1250 (Pattern
                 recognition); C4190 (Other numerical methods); C5260B
                 (Computer vision and picture processing)",
  keywords =     "2-D images; 3-D images; Anisotropic sampling; Confocal
                 scanning laser microscope; Dilations; Distance
                 measurements; Erosions; Image analysis; Image
                 processing; Skeletonizations; Three-dimensional image
                 data; Two dimensional image data; Vector distance
                 transform",
  thesaurus =    "Image recognition; Transforms",
}


@Article{verwer,
  author = 	 {B. J. H Verwer},
  title = 	 {Local distances for distance transformations in two and three dimensions},
  journal = 	 {Pattern Recognition Letters},
  year = 	 1991,
  volume =	 12,
  pages =	 {671--682},
  month =	 {november}
}
@InBook{ragnemalm,
  title =        "Contour processing distance transforms",
  publisher =    "World Scientific",
  year =         "1990",
  author =       "I.~Ragnemalm",
  pages =        "204--211",
}


@PhdThesis{cuisenaire,
  author = 	 {O. Cuisenaire},
  title = 	 {Distance Transformations : Fast Algorithms and Applications to Medical Image Processing},
  school = 	 {Universit{\'e} Catholique de Louvain},
  year = 	 1999,
  month =	 {oct}
}

@Article{danielson,
  author = 	 {P. E. Danielsson},
  title = 	 {Euclidean distance mapping},
  journal = 	 {CGIP},
  year = 	 1980,
  volume =	 14,
  pages =	 {227--248}
}


@Article{borgefors,
  author =       "G. Borgefors",
  title =        "Distance Transformations in Digital Images",
  journal =      "Computer Vision, Graphics, and Image Processing",
  volume =       "34",
  number =       "3",
  pages =        "344--371",
  month =        jun,
  year =         "1986",
  coden =        "CVGPDB",
  ISSN =         "0734-189X",
  bibdate =      "Sat Jul 05 17:01:22 1997",
  acknowledgement = ack-nhfb,
  affiliation =  "FOA",
  affiliationaddress = "Natl Defence Research Inst, Linkoping, Swed",
  classification = "723; 741",
  journalabr =   "Comput Vision Graphics Image Process",
  keywords =     "computer programming --- Algorithms; digital images;
                 distance transformations; image part processing; image
                 processing; kernel point; pattern recognition",
}

@InProceedings{Yamada84b,
  author =       "H. Yamada",
  title =        "Complete Euclidean Distance Transformation by Parallel
                 Operation",
  year =         "1984",
  booktitle =    "Seventh International Conference on Pattern
                 Recognition (Montreal, Canada, July 30-August 2,
                 1984)",
  year =         "1984",
  publisher =    "IEEE",
  organization = "IEEE",
  series =       "IEEE Publ. 84CH2046-1",
  institution =  "ETL",
  pages =        "69--71",
  keywords =     "IMAGE PART PROCESSING",
}



@Article{Paglieroni:1992:DTP,
  author =       "D. W. Paglieroni",
  title =        "Distance Transforms: Properties and Machine Vision
                 Applications",
  journal =      "Computer Vision, Graphics, and Image Processing.
                 Graphical Models and Image Processing",
  volume =       54,
  number =       1,
  pages =        "56--74",
  month =        jan,
  year =         1992,
  coden =        "CGMPE5",
  ISSN =         "1049-9652",
  bibdate =      "Fri Feb 07 17:29:07 1997",
  acknowledgement = ack-nhfb,
  classification = "C1130 (Integral transforms); C1250 (Pattern
                 recognition); C5260B (Computer vision and picture
                 processing)",
  keywords =     "Adaptive matching; Binary function geometrical
                 transforms; Cross-correlations; Distance transform;
                 Machine vision; Rotation; Translation",
  thesaurus =    "Computer vision; Transforms",
}


@INPROCEEDINGS{Thiel_IWCIA7,
    REFNAME     = {Rem},
    AUTHOR      = {E. Remy and E. Thiel},
    TITLE       = {Optimizing 3{D} Chamfer Masks with Norm Constraints},
    BOOKTITLE   = {Int. Workshop on Combinatorial Image Analysis},
    MONTH       = {July},
    YEAR        = {2000},
    ADDRESS     = {Caen},
    PAGES       = {39-56},
    QUOI        = {},
}


@Article{Hirata,
  author =       "T. Hirata",
  title =        "A unified linear-time algorithm for computing distance
                 maps",
  journal =      "Information Processing Letters",
  volume =       "58",
  number =       "3",
  pages =        "129--133",
  day =          "13",
  month =        may,
  year =         "1996",
  coden =        "IFPLAT",
  ISSN =         "0020-0190",
  mrclass =      "68U10",
  mrnumber =     "97j:68137",
  bibdate =      "Wed Nov 11 12:16:26 MST 1998",
  acknowledgement = ack-nhfb,
  classification = "C1250 (Pattern recognition); C4240C (Computational
                 complexity); C5260B (Computer vision and image
                 processing techniques)",
  corpsource =   "Fac. of Eng., Nagoya Univ., Japan",
  keywords =     "binary image; chamfer; chessboard; city block;
                 computational complexity; computer vision; distance
                 maps; Euclidean; Euclidean distance; Euclidean distance
                 transform; image processing; machine vision; matrix
                 searching; octagonal",
  treatment =    "T Theoretical or Mathematical",
}



@InProceedings{roerdnik,
  author = 	 {A. Meijster and  J. B. T. M. Roerdink and W. H. Hesselink},
  title = 	 { A general algorithm for computing distance transforms in linear time},
  booktitle = 	 {Mathematical Morphology and its Applications to Image and Signal Processing},
  pages =	 {331--340},
  year =	 2000,
  editor =	 {J. Goutsias, L. Vincent and D. S. Bloomberg},
  publisher =	 {Kluwer}
}



@misc{ puig,
    author = "A. Puig",
    title = "Discrete medial axis transform for discrete objects",
    text = "A. Puig. Discrete medial axis transform for discrete objects. Report LSI-98-22-R,
      Polytechnical University of Catalunya, Spain, 1998.",
    year = "1998"
}


@Article{Mitchell,
  author =       "Joseph S. B. Mitchell and David M. Mount and Christos
                 H. Papadimitriou",
  title =        "The discrete geodesic problem",
  journal =      "SIAM Journal on Computing",
  volume =       "16",
  number =       "4",
  pages =        "647--668",
  month =        aug,
  year =         "1987",
  coden =        "SMJCAT",
  ISSN =         "0097-5397 (print), 1095-7111 (electronic)",
  mrclass =      "68U05 (05C38 52-04 68Q25 90B10)",
  mrnumber =     "88m:68055",
  mrreviewer =   "Jacques A. Ferland",
  bibdate =      "Sat Jan 18 18:03:50 MST 1997",
  acknowledgement = ack-nhfb,
  keywords =     "path planning, geodesic distance, shortest paths,
                 polyhedra, {Vorono{\u{\i}}} diagrams, continuous
                 Dijkstra",
  oldlabel =     "geom-1015",
}
@InProceedings{sharir,
  author =       "M. Sharir and A. Schorr",
  title =        "On Shortest Paths in Polyhedral Spaces",
  pages =        "144--153",
  booktitle =    "{ACM} Symposium on Theory of Computing ({STOC} '84)",
  month =        apr,
  publisher =    "ACM Press",
  address =      "Baltimore, USA",
  year =         1984,
  ISBN =         "0-89791-133-4",
}




%Courbure d'ordre k
@Article{bennett,
  author = 	 {J.R. Bennett and J.S. Mac Donald},
  title = 	 {On the measurement of curvature in a quantized environnement},
  journal = 	 {IEEE Transactions on Computers},
  year = 	 1975,
  volume =	 24,
  number =	 8,
  pages =	 {803-820},
  month =	 {August}
}
@Article{rosenfeld,
  author = 	 {A. Rosenfeld and E. Johnston},
  title = 	 {Angle detection on digital curves},
  journal = 	 {IEEE Transactions on Computers},
  year = 	 1973,
  pages =	 {875-878},
  month =	 {September}
}

%Courbure 2D classiques
@Article{Worring,
  author =       "Marcel Worring and Arnold W. M. Smeulders",
  key =          "Worring \& Smeulders",
  title =        "Digital Curvature Estimation",
  journal =      "Computer Vision, Graphics, and Image Processing. Image
                 Understanding",
  volume =       58,
  number =       3,
  pages =        "366--382",
  month =        nov,
  year =         1993,
  coden =        "CIUNEJ",
  ISSN =         "1049-9660",
  bibdate =      "Wed Mar 8 08:52:57 MST 2000",
  url =          "http://www.idealibrary.com/links/artid/ciun.1993.1048/production;
                 http://www.idealibrary.com/links/artid/ciun.1993.1048/production/pdf;
                 http://www.idealibrary.com/links/artid/cviu.1993.1050/production;
                 http://www.idealibrary.com/links/artid/cviu.1993.1050/production/pdf",
  acknowledgement = ack-nhfb,
  affiliation =  "Dept. of Comput. Sci., Amsterdam Univ., Netherlands",
  classification = "C1140Z (Other and miscellaneous); C4130
                 (Interpolation and function approximation); C5260B
                 (Computer vision and picture processing)",
  doi =          "10.1006/cviu.1993.1050; 10.1006/ciun.1993.1048",
  keywords =     "Curvature estimation problem; Digital curvature
                 estimation; Directional inaccuracy; Precision; Residual
                 error; Theoretical analysis",
  location =     "CMU E&S Library",
  thesaurus =    "Curve fitting; Estimation theory; Image processing",
}

%%%%%%%%%%%%% From David Sarrut
@ARTICLE{zana-eye,
  author = {F. Zana and J.C. Klein},
  title = {{A Multimodal Registration Algorithm of Eye Fundus Images Using Vessels Detection and Hough Transform}},
  journal = {IEEE Transactions on Medical Imaging},
  year = 1999,
  volume = 18,
  number = 5,
  pages = {419--42},
  month = {May},
}
@INPROCEEDINGS{lester-fluid,
  author = {H. Lester and S.R. Arridge and K.M. Jansons},
  booktitle = {Medical Image Understanding and Analysis},
  title = {{Local Deformation Metrics and nonlinear
       Registration using a Fluid Model with variable
       Viscosity}},
  year = 1998,
  month = {July},
  url = {http://www-ipg.umds.ac.uk/miua/},
}
@INPROCEEDINGS{liu-core,
  author = {A. Liu and S.M. Pizer and D. Eberly and B. Morse
       and J. Rosenman and E.L. Chaney and E. Bullitt and V
       Carrasco},
  title = {{Volume Registration using the {3D} Core}},
  booktitle = {Visualization in Biomedical Computing 94},
  pages = {217--226},
  year = 1994,
  publisher = {SPIE},
  volume = 2659,
}
@ARTICLE{moss,
  author = {S. Moss and E. R. Hancock},
  title = {Image Registration with Shape Mixtures},
  journal = {Springer Verlag, Lecture Notes in Computer Science},
  volume = 1311,
  pages = {172--179},
  year = 1997,
}
@INPROCEEDINGS{syn,
  author = {M. Syn and R. Prager},
  title = {Bayesian Registration of Models Using FEM
       Eigenmodes},
  booktitle = {Cambridge University},
  year = 1995,
}



@Article{david_DGCI_2000,
  author = 	 {D. Coeurjolly and S. Miguet and L. Tougne},
  title = 	 {An Optimal and Purely Discrete {2D}-Curvature Algorithm},
  journal = 	 {submitted to Discrete Geometry for Computer Imagery},
  year = 	 2000
}




@INPROCEEDINGS{rosen_klette,
  author = {A. Rosenfeld and R. Klette},
  title = {Digital Straightness},
  booktitle = {International Workshop on Combinatorial Image Analysis},
  year = 2001,
  editor = {Sébastien Fourey and Gabor T. Herman and T. Yung Kong},
  volume = 46,
  series = {Electronic Notes in Theoretical Computer Science},
  month = {August},
  organization = {},
  publisher = {Elsevier Science Publishers},
  address = {Temple University , Philadelphia, Pennsylvania, U.S.A. },
}






%Livre de Math DEUG
@Book{mathprepa,
  author =	 {Lelong-Ferrand and Arnaudies},
  editor =	 {Dunod},
  title = 	 {Cours de math{\'e}matiques},
  publisher = 	 {Dunod},
  year = 	 {?}
}

%DEA : nuage de point et courbure analytique
@InProceedings{schreiber,
  author = 	 {H. Hagen and S. Heinz and M. Thesing and T. Schreiber},
  title = 	 {Simulation Based Modeling},
  booktitle = 	 {International Journal of Shape Modeling},
  pages =	 {143-164},
  year =	 1998,
  volume =	 4,
  number =	 {3-4}
}




@Article{udupa_boundary,
  author = 	 {J.K. Udupa and S.N. Srihari and G.T. Herman},
  title = 	 {Boundary detection in multidimensions},
  journal = 	 {IEEE Pattern Analysis and Machine Intelligence},
  year = 	 1982,
  volume =	 4,
  number =	 1,
  pages =	 {41--50},
  month =	 {jan}
}


@Article{Fre-encoding-agc,
  author =       "H. Freeman",
  title =        "On Encoding Arbitrary Geometric Configurations",
  journal =      "IRE Transactions on Electronic Computers",
  year =         1961,
  volume =       10,
  pages =        "260--268",
}

@Article{Bri1999,
  author =       "E. Bribiesca",
  title =        "A new chain code",
  journal =      "Pattern Recognition",
  year =         1999,
  volume =       32,
  pages =        "235--251",
}

@Article{kovalevsky_topo,
  author =	 "V. A. Kovalevsky",
  title =	 "Finite Topology As Applied to Image Analysis",
  journal =	 "Computer Vision, Graphics, and Image Processing",
  volume =	 "46",
  number =	 "2",
  pages =	 "141--161",
  month =	 may,
  year =	 "1989",
  coden =	 "CVGPDB",
  ISSN =	 "0734-189X",
  bibdate =	 "Fri Feb 7 17:26:01 1997",
  acknowledgement =ack-nhfb,
  affiliation =	 "Central Inst of Cybernetics \& Information
                  Processing",
  affiliationaddress ="Berlin, West Germany",
  classification ="723; 921; B0250 (Combinatorial mathematics); B6140C
                  (Optical information and image processing); C1160
                  (Combinatorial mathematics); C1250 (Pattern
                  recognition); C5260B (Computer vision and picture
                  processing)",
  journalabr =	 "Comput Vision Graphics Image Process",
  keywords =	 "Boundaries; Cell blocks; Cell list; Cellular
                  complexes; Connected subsets; Data Processing--Data
                  Structures; Data structure; Finite sets; Finite
                  Topology; Finite topology; Finite Topology; Image
                  Analysis; Image analysis; Image Analysis; Image
                  Encoding; Image encoding; Image Encoding; image part
                  number; Image Processing; Image segmentation; Image
                  structures; Mathematical Techniques--Topology;
                  Segmented Images; Splitting",
  thesaurus =	 "Computerised picture processing; Data structures;
                  Topology",
}


%Parcours de surface par coupe
@PhdThesis{mathieu,
  author = 	 {G. Mathieu},
  title = 	 {Parcours du graphe des surfels d'un objet voxelis{\'e} binaire. Applications {\`a} l'analyse d'images {3D}},
  school = 	 {Ecole des mines de St-Etienne},
  year = 	 2000
}

%Parcours surface par chemin hamiltonien
@PhdThesis{perroton,
  author = 	 {Laurent Perroton},
  title = 	 {Segmentation parall{\`e}le d'images volumiques},
  school = 	 {Ecole Normale Superieure de Lyon},
  year = 	 1994
}

% Un algo de parcours de surface 3D quelconques
@Article{koval99,
  author = 	 {Vladimir Kovalevsky},
  title = 	 {A Topological Method of Surface Representation},
  journal = 	 {Discrete Geometry for Computer Imagery},
  year = 	 1999,
  pages =	 {118-135}
}
%Definition topologie Complexe cellulaires Khalimsky
@InCollection{khalimsky,
  author = 	 {E. Khalimsky and R. Kopperman and P.R. Meyer},
  title = 	 {Computer Graphics and connected topologies on finite ordered sets},
  booktitle = 	 {Topology and its Application},
  pages =	 {1-17},
  publisher =	 {Elsevier Science Publisher B.V},
  year =	 1990,
  volume =	 36
}

% Proprietes des droites naives 3d
@Article{Salam,
  author = 	 {Ivan Salam and Phillipe Nehlig and Eric Andres},
  title = 	 {Discrete Ray-Casting},
  journal = 	 {Discrete Geometry for Computer Imagery},
  year = 	 1999
}
% Def et prop des droites discretes 3D
@Article{figueiredo,
  author = 	 {Oscar Figueiredo and Jean-Pierre Reveill{\`e}s},
  title = 	 {A Contribution to {3D} Digital Lines},
  journal = 	 {Discrete Geometry for Computer Imagery},
  year = 	 1995,
  annote =	 {5th Int. Workshop, Clermont-Ferrand - France}
}


%Notions de courubre elementaires 
@Article{imiya,
  author = 	 {Atsushi Imiya and Ulrich Eckhardt},
  title = 	 {The Euler Characteristic of Discrete Object},
  journal = 	 {Discrete Geometry for Computer Imagery},
  year = 	 1997,
  pages= {163-174}
}

%these reveilles
@PhdThesis{reveilles,
  author = 	 {J.P. Reveilles},
  title = 	 {G{\'e}om{\'e}trie discr{\`e}te, calcul en nombres entiers et algorithmique.},
  school = 	 {Universit{\'e} Louis Pasteur - Strasbourg},
  year = 	 1991
}

	  
		  

%These de Laure
@PhdThesis{laurethese,
  author = 	 {Laure Tougne},
  title = 	 {Cercles discrets sur automates cellulaires},
  school = 	 {{\'E}cole Normale Sup{\'e}rieur de Lyon},
  year = 	 1997
}
%Laure TCS
@Article{laureTCS,
  author = 	 {M. Delorme and J. Mazoyer and L. Tougne},
  title = 	 {Discrete parabolas and circles on 2D cellular automata},
  journal = 	 {Theoretical Computer Science},
  year = 	 1999,
  volume =	 218,
  pages =	 {347-417}
}

%Laure TCS



%These Andres sur les cercles et rotations
@PhdThesis{andresthese,
  author = 	 {Eric Andres},
  title = 	 {Cercles Discrets et Rotations discretes},
  school = 	 {Universit{\'e} Louis Pasteur - Strasbourg},
  year = 	 1994
}

% Petit truc de coubure sur le code de freeman et extraction de points
%		  d'interet
@ARTICLE{teh,
  author={ C-H. Teh and R. Chin},
  title={On the Detection of Dominant Points on Digital Curves},
  journal={IEEE Transactions on Pattern Analysis and Machine
		  Intelligence},
  volume={11},
  year={1989},
  month={August},
  pages={859--872},
}
		  
		  
% Segmentation nuage points 3D
@PHDTHESIS{chaine,
  author = {Raphaelle Chaine},
  title = {Segmentation d'ensembles non organis{\'e}s  de points {3D} d'une surface : propagation anisotropique d'etiquettes bas{\'e}e sur les graphes},
  school = {Universit{\'e} Claude Bernard - Lyon 1},
  year = {2000},
  month = {January},
}		  
		  
%These David
@PHDTHESIS{dsarrut-thesis,
  author = {David Sarrut},
  title = {Recalage multimodal et plate-forme d'imagerie m{\'e}dicale {\`a}
  acc{\`e}s distant},
  school = {Universit{\'e} Lumi{\`e}re Lyon 2},
  year = {2000},
  month = {January},
  url = {http://eric.univ-lyon2.fr/~dsarrut/these/},
}

@PhdThesis{fabien,
  author =       {Fabien Feschet},
  title =        {Techniques d'imagerie pour l'aide au positionnement en dosim{\'e}trie conformationnelle},
  school =       {INSA de Lyon},
  year =         1998
}

% Les Marching lines et utilisation pour l'imagerie med.
@inproceedings{thirion-marching-lines,
  author = {J.P. Thirion and A. Gourdon},
  title = {The 3{D} {M}arching {L}ines {A}lgorithm and its
       {A}pplication to {C}rest {L}ines {E}xtraction},
  institution = {INRIA},
  year = {1992},
  month = {April},
  number = {1672},
}
		  
		  
		  
% Topologie des plans, relation width-connexite et classes d'ombrelles
%
@Article{francon95,
  author =       {Jean Francon},
  title =        {Arithmetic planes and combinatorial manifold},
  journal =      {Discrete Geometry for Computer Imagery},
  year =         1995
}




%
% Reconnaissance de plan par tricubes
%
@Article{tricube,
  author =       {J. Vittone and J.M. Chassery},
  title =        {Coexistence of tricubes in digital naive plane},
  journal =      {Discrete Geometry for Computer Imagery},
  year =         1997
}

% Article sur les neiges avec une courbure basee sur le squelette...
% et courbure 3D par extrapolation courbure 2D

@Article{neige,
  author =       {J.B. Brzoska B. Lesaffre C. Col{\'e}ou K. Xu  R.A. Pieritz},
  title =        {Computation of {3D} curvature on a wet snow sample},
  journal =      {The European Physical Journal Applied Physics},
  year =         1999
}


% Calcul de courbure par filtrages {3D} r{\'e}cursifs et calcul de courbure par 
% la matrice Hessienne
@inproceedings{inria,
  author =       {O. Monga and  R. Lengagne and R. Deriche},
  title =        {Crest lines in volume {3D} medical images : a multi-scale approach},
  institution =  {INRIA, Projet SYNTIM},
  year =         1994
}


% Approche courbure 2D puis application sur la {3D} mais par slices
%

@Article{DebledDGCI,
  author =       {P. Tellier  and I. Debled-Rennesson},
  title =        {{3D} Discrete Normal Vector},
  journal =      {Discrete Geometry for Computer Imagery},
  year =         1999,
  pages =        {447-458}
}




@PhdThesis{debled,
  author =       {Isabelle Debled-Rennesson},
  title =        {Etude et reconnaissance des droites et plans discrets},
  school =       {Universit{\'e} Louis Pasteur},
  year =         1995
}


% Polyhedrisation de faces par reconnaissance de plans
%
@Article{francon,
  author =       {Jean Fran{\c c}on and Laurent Papier},
  title =        {Polyhedrization of the Boundary of a Voxel Object},
  journal =      {Discrete Geometry for Computer Imagery},
  year =         1999
}

% Reconnaissance de plans discrets par algo Fourier
% preced de francon pour polyhedr...
@Article{fourier,
  author =       {J. Fran{\c c}on and J.M. Schramm and M. Tajine},
  title =        {Recognizing arithmetic straight lines and planes},
  journal =      {Discrete Geometry for Computer Imagery},
  year =         1996
}



% digitalisation de courbe de bezier et principe de digitalisation de courbes polyn.
%
@Article{bezier,
  author =       {O. Figueiredo and J.P. Reveill{\`e}s and R. Hersch},
  title =        {Digitalization of B{\'e}zier Curves and Patches using Discrete Geometry},
  journal =      {Discrete Geometry for Computer Imagery},
  year =         1999,
  month =        {march}
}

%%%%%%%%%%%%%%%%%%%%%%%
%                     %
%                     %
% ARTICLES A LIRE     %
%                     %
%                     %
%%%%%%%%%%%%%%%%%%%%%%%


% 
%
@Article{lenoirbis,
  author =       {A. Lenoir  and R. Malgouyres and  M. Revenu},
  title =        {Fast Computation of the Normal Vector Field of the Surface of a {3D} Discrete Object},
  journal =      {Discrete Geometry for Computer Imagery},
  year =         1996
}


% Papier de laure et Fabien sur les steles
%
@InProceedings{laurefab,
  author =       {Fabien Feschet and Laure Tougne},
  title =        {Optimal Time Computation of the Tangent of a Discrete Curve : Application to the Curvature},
  booktitle =    {Discrete Geometry for Computer Imagery},
  year =      1999
}



@Article{kovalevsky_arc,
  author = 	 {V.A. Kovalevsky},
  title = 	 {New Definition and Fast Recognition of Digital Straight Segments and Arcs},
  journal = 	 {Proceedings of the tenth international conference on Pattern Analysis and Machine Intelligence},
  year = 	 1990,
  month =	 jun
}



@Article{matij,
  author = 	 {Ju.V. Matijasevic},
  title = 	 {Enumerable sets are Diophantine},
  journal = 	 {Soviet Mathemeatics Dolklady},
  year = 	 1970
}

@Article{laure,
  author = 	 {Laure Tougne},
  title = 	 {Circle Digitization and Cellular Automata},
  journal = 	 {Discrete Geometry for Computer Vision},
  year = 	 1996,
  pages =	 {283--294}
}

% Encore DGCI mais courbure en 2D en utilisant les chemins Euclidiens
%
@Article{vialard,
  author =       {Anne Vialard},
  title =        {Geometrical Parameters Extraction from Discrete Paths},
  journal =      {Discrete Geometry for Computer Imagery},
  year =         1996
}



% DGCI encore slice
% avec une notion de filtrage recursif
@Article{lenoir,
  author =       {Alexandre Lenoir},
  title =        {Fast Estimation of Mean Curvature on the Surface of a {3D} Discrete Object},
  journal =      {Discrete Geometry for Computer Imagery},
  year =         1997
}

% Estimation de la courbure 2D avec un filtre median
%
@InProceedings{matas,
  author =       {J. Matas and Z. Shao and J. Kittler},
  title =        {Estimation of Curvature and Tangent Direction by Median Filtered Differencing},
  booktitle =    {International Conference on Image Analysis and Processing},
  year =         1995,
  month =        {september}
}


% Definitions d'un plan discret
%
@InProceedings{andres,
  author =       {E. Andres},
  title =        {Le plan discret},
  booktitle =    { Colloque de g{\'e}om{\`e}trie discr{\`e}te en imagerie : fondements et applications},
  year =         1993,
  month =        {Septembre}
}

% these vialard
@PhdThesis{vialardthese,
  author =       {Anne Vialard},
  title =        {Chemin euclidiens : un mod{\`e}le de repr{\'e}sentation des contours discrets},
  school =       {Universit{\'e} de Bordeaux 1},
  year =         1996
}


%algo parcours surface {3D}
@Article{udupa,
  author =       {J. Udupa},
  title =        {Multidimensional Digital Boundaries},
  journal =      {CVGIP : Graphical models and image processing},
  year =         1994,
  volume =       56,
  pages =        {311-323},
  month =        {July}
}

% algo de parcours d'une surface {3D}
@InProceedings{artzy,
  author =       {E. Artzy and G. Freider and G. Herman},
  title =        {The Theory, Design, Implementation and Evaluation of a Three-dimensional Surface Detection Algorithm},
  booktitle =    {Computer Graphics and Image Processing},
  pages =        {1-24},
  year =         1981
}

% Calcul rapide de tangente {3D} avec interpolation normales elementaires
% notion d'ombrelles d'ordre k

@Article{papiertangente,
  author =       {L. Papier and J. Fran{\c c}on},
  title =        {Evalutation de la normale au bord d'un objet discret {3D}},
  journal =      {Revue CFAO et d'informatique graphique},
  year =         1998,
  volume =       13,
  pages =        {205-226}
}


@Book{davenport,
  author =	 {H. Davenport},
  title = 	 {The higherArithmetic : An Introduction to the Theory of Numbers},
  publisher = 	 {Cambridge University Press},
  year = 	 1952,
  edition =	 {7th}
}

@Book{hardy,
  author =	 {Hardy and Wright},
  title = 	 {Introduction to the theory of numbers},
  publisher = 	 {Oxford press},
  year = 	 1975
}

@InProceedings{debled_cvxhull,
  author = 	 {I. Debled-Rennesson and J.L. R{\'e}my and J. Rouyer-Degli},
  title = 	 {Detection of discrete convexity of polyominoes},
  booktitle = 	 {9th International Conferencee in Discrete Geometry for Computer Imagery},
  pages =	 {491--504},
  year =	 2000,
  editor =	 {G. Borgefors nad I. Nystr{\"o}m and G. Sanniti di Baja},
  address =	 {Uppsala, Sewden},
  month =	 {December}
}

@Article{fisk,
  author = 	 {S. Fisk},
  title = 	 {Separating Points Sets by Circles, and the Recognition of Digital Disks},
  journal = 	 {IEEE Transaction on Pattern Analysis and Machine Intelligence},
  year = 	 1986,
  volume =	 8,
  number =	 4,
  pages =	 {554--556}
}


@InProceedings{iwvf4,
  author = 	 {D. Coeurjolly and S. Miguet and L. Tougne},
  title = 	 {Discrete Curvature based on Osculating Circle Estimation},
  booktitle = 	 {International Worshop in Visual Form IV},
  year =	 2001
}





%These Andres sur les cercles et rotations
@PhdThesis{andres,
  author =       {E. Andr{\`e}s},
  title =        {Cercles Discrets et Rotations discretes},
  school =       {Universit{\'e} Louis Pasteur - Strasbourg},
  year =         1994
}



@Article{sauer,
  author = 	 {P. Sauer},
  title = 	 {On the recognition of digital circles in linear time},
  journal = 	 {Computational Geometry: Theory and Application 2},
  year = 	 1993,
  pages =	 {287--302}
}
 




@Article{damaschke,
  author = 	 {P. Damaschke},
  title = 	 {The linear time recognition of digital arcs},
  journal = 	 {Pattern Recognition Letters},
  year = 	 1995,
  number =	 16,
  pages =	 {543--548},
  month =	 {May}
}






@PhdThesis{debledthese,
  author = 	 {I. Debled},
  title = 	 {Etude et reconnaissance des droites et plans discrets},
  school = 	 {Universit{\'e} Louis Pasteur - Strasbourg},
  year = 	 1995
}

@PhdThesis{vittonethese,
  author = 	 {J. Vittone},
  title = 	 {Caract{\'e}risation et reconnaissance de droites et de plans en g{\'e}om{\'e}trie discr{\`e}te},
  school = 	 {Universit{\'e} Joseph Fourier-Grenoble 1},
  year = 	 1999,
  month =	 {d{\'e}cembre}
}


@InProceedings{zunic,
  author = 	 {N. Sladoje and J. Zuni{\'c}},
  title = 	 {Ellipses Estimation from their Digitization},
  booktitle = 	 {Lecture Notes in Computer Science},
  pages =	 {187--198},
  year =	 1997,
  editor =	 {Springer},
  volume =	 1347
}


@PhdThesis{gerard,
  author = 	 {Y. G{\'e}rard},
  title = 	 {Contribution {\`a} la g{\'e}om{\'e}trie discr{\`e}te},
  school = 	 {Universit{\'e} d'Auvergne, Clermont-Ferrand I},
  year = 	 {1999}
}

@Article{thomas,
  author =       "S. M. Thomas and Y. T. Chan",
  title =        "A Simple Approach for the Estimation of Circular Arc
                 Center and its Radius",
  volume =       "45",
  pages =        "362--370",
  institution =  "RMC Canada",
  journal =      "Computer Vision, Graphics and Image Processing",
  keywords =     "IMAGE PART MEASUREMENT",
  year =         "1989",
}



 @Article{toussaint,
  author = 	 {G. T. Toussaint and D. Avis},
  title = 	 {On a convex hull algorithm for polygons and its
application to triangulation problems},
  journal = 	 {Pattern Recognition},
  year = 	 {1982},
  OPTkey = 	 {},
  OPTvolume = 	 {15},
  OPTnumber = 	 {},
  OPTpages = 	 {32--29},
  OPTmonth = 	 {},
  OPTnote = 	 {},
  OPTannote = 	 {}
}

@Article{graham,
  author =       "R. L. Graham",
  title =        "An efficient algorithm for determining the convex hull
                 of a finite planar set",
  journal =      "Information Processing Letters",
  volume =       "1",
  number =       "4",
  pages =        "132--133",
  day =          "??",
  month =        jun,
  year =         "1972",
  coden =        "IFPLAT",
  ISSN =         "0020-0190",
  bibdate =      "Wed Nov 11 12:16:26 MST 1998",
  classification = "C4190 (Other numerical methods)",
  corpsource =   "Bell Telephone Labs. Inc., Murray Hill, NJ, USA",
  keywords =     "convex hull; efficient algorithm; extreme points;
                 finite planar set; numerical methods; set theory",
  treatment =    "T Theoretical or Mathematical",
}

@Article{sklansky,
 author={ J. Sklansky},
 year= 1972,
 title={ Measuring concavity on a rectangular mosaic},
 journal={IEEE Trans. Comput.},
 volume= 21,
 pages=  {1355--1364}
}




@Book{deberg,
  author =	 {M. de Berg and  M. van Kreveld and  M. Overmars and  O. Schwarzkopf},
  title = 	 {Computational Geometry},
  publisher = 	 {Springer-Verlag},
  year = 	 2000
}



@Book{voss,
  author =	 {K. Voss},
  title = 	 {Discrete Images, Objects and Functions in $\mathbb{Z}^n$},
  publisher = 	 {Springer-Verlag},
  year = 	 1993,
  number =	 11,
  series =	 {Algorithms and Combinatorics}
}

@INPROCEEDINGS{3Dnss,
  author =	 {D. Coeurjolly and I. Debled-Rennesson and
                  O. Teytaud},
  title =	 {Segmentation and Length Estimation of 3D Discrete
                  Curves},
  booktitle =	 {Digital and Image Geometry},
  year =	 2001,
  publisher =	 {Springer LNCS 2243},
}

@inproceedings{AMA87,
  author =	 "J. Amanatides and A. Woo",
  title =	 "A fast voxel traversal algorithm for ray tracing",
  booktitle =	 "Eurographic's 87",
  year =	 "1987",
  pages =	 "3-12",
}

@InProceedings{AND,
  author =	 {E. Andres},
  title =	 {Le plan discret},
  booktitle =	 {Colloque en g{\'e}om{\'e}trie discr{\`e}te en
                  imagerie: fondements et applications},
  year =	 1993,
  month =	 {Septembre}
}


@InProceedings{CO91,
  author =	 {D. Cohen and A. Kaufman},
  title =	 {Scan-Conversion Algorithms for linear and Quadratic
                  Objects},
  booktitle =	 {IEEE Computer Society Press, Los Alamitos, Calif},
  pages =	 {280--301},
  year =	 1991
}

@InProceedings{CO97,
  author =	 {D. Cohen and A. Kaufman},
  title =	 {3D Line Voxelization and Connectivity Control},
  booktitle =	 {IEEE Computer Graphics and Applications},
  pages =	 {80--87},
  year =	 1997
}


@InProceedings{DEB95,
  author =	 {I. Debled-Rennesson and J.P. Reveill{\`e}s},
  title =	 {A linear algorithm for segmentation of digital
                  curves},
  booktitle =	 {IJPRAI},
  pages =	 {635--662},
  year =	 1995,
  volume =	 9
}

@PhdThesis{DEB95b,
  author =	 {I. Debled-Rennesson},
  title =	 {Etude et reconnaissance des droites et plans
                  discrets},
  school =	 {Universit{\'e}  Pasteur,
                  Strasbourg},
  year =	 1995
}

@article{moreauRR,
  author = 	 {J.P. Braquelaire and  P. Moreau},
  title = 	 {Error free Construction of generalized Euclidean distance maps and generalized discrete Vorono\"i diagrams},
  institution =  {Universit{\'e} Bordeaux, Laboratoire LaBRI},
  year = 	 1994,
  number= 84094
}


@Article{Dorst,
  author =       "L. Dorst and A. W. M. Smeulders",
  title =        "Length Estimators for Digitized Contours",
  journal =      "Computer Vision, Graphics, and Image Processing",
  volume =       "40",
  number =       "3",
  pages =        "311--333",
  month =        dec,
  year =         "1987",
  coden =        "CVGPDB",
  ISSN =         "0734-189X",
  bibdate =      "Thu Feb 6 18:44:11 MST 1997",
  acknowledgement = ack-nhfb,
  affiliation =  "Delft UT/Erasmus U",
  affiliationaddress = "Delft Univ of Technology, Delft, The
                 Netherlands",
  classification = "723; 921",
  journalabr =   "Comput Vision Graphics Image Process",
  keywords =     "chain code strings; digitized contours; Image
                 Analysis; image part measurement; image processing;
                 length estimators; mathematical techniques ---
                 Estimation; optimal estimators",
}
@InProceedings{FIG95,
  author = 	 {O. Figueiredo and J.P. Reveill{\`e}s},
  title = 	 {A contribution to 3D digital lines},
  booktitle = 	 {Proc. DCGI'5},
  pages =	 {187--198},
  year =	 1995
}


@InProceedings{KAU87a,
  author = 	 {A. Kaufman},
  title = 	 { An algorithm for 3-D scan conversion of polygons},
  booktitle = 	 { Proc. Eurographic's 87},
  pages =	 {197--208},
  year =	 1987
}

@InProceedings{KAU87b,
  author = 	 {A. Kaufman},
  title = 	 { Efficient algorithms for 3-D scan conversion of parametric curves,
                                  surfaces, volumes},
  booktitle = 	 { Computer Graphic 21, 4},
  pages =	 {171--179},
  year =	 1987
}

@InProceedings{KIM83,
  author = 	 {C.E. Kim},
  title = 	 {Three-dimensional digital line segments},
  booktitle = 	 {IEEE Transactions on Pattern Analysis and Machine
Intelligence},
  pages =	 {231--234},
  year =	 1983,
  volume =	 5
}
@InProceedings{KLE_99,
  author = 	 {R. Klette and V. Kovalevsky and B. Yip },
  title = 	 {Lenth Estimation of Digital Curves},
  booktitle = 	 {Vision Geometry VIII - SPIE},
  OPTcrossref =  {},
  OPTkey = 	 {},
  pages = 	 {117--129},
  year = 	 {1999},
  OPTeditor = 	 {},
  OPTvolume = 	 {},
  OPTnumber = 	 {},
  OPTseries = 	 {},
  address = 	 {Denver},
  month = 	 {July},
  OPTorganization = {},
  OPTpublisher = {},
  OPTnote = 	 {},
  OPTannote = 	 {}
}
@PhdThesis{REV,
  author = 	 {J.P. Reveill{\`e}s},
  title = 	 {G{\'e}om{\'e}trie discr{\`e}te, calculs en nombre entiers et
algorithmique},
  school = 	 {Th{\`e}se d'{\'e}tat, Universit{\'e} Louis Pasteur, Strasbourg},
  year = 	 1991
}

@InProceedings{STO91,
  author = 	 {I. Stojmenovi{\'c} and R. Tosi{\'c}},
  title = 	 { Digitization schemes and the recognition of digital straight lines,
hyperplanes and flats in arbitrary dimensions},
  booktitle = 	 {Vision
Geometry,contemporary Mathematics Series},
  pages =	 {197--212},
  year =	 1991,
  volume =	 119,
  address =	 {American Mathematical Society,
Providence, RI}
}
@PhdThesis{VID92,
  author = 	 {B. Vidal},
  title = 	 {Vers un lancer de rayon discret.},
  school = 	 {Th{\`e}se de Doctorat, Lille},
  year = 	 1992
}


@inproceedings{bres65,
author    ="J.E. Bresenham",
title     = "Algorithm for computer control of a digital plotter",
booktitle ="IBM System Journal",
year      ="1965",
pages     = "25-30", 
volume    ="4",
}
@Article{bruck93,
  author =       "M. Lindenbaum and A. Bruckstein",
  title =        "On Recursive, O(n) Partitioning of a Digitized Curve into
Digital Straigth Segments",
   journal =      "IEEE Transactions on PatternAnalysis and Machine
Intelligence",
   pages =        "949--953",
volume =       "PAMI-15",
  number =       "9",
  month =        "september",
  year =         "1993",
  location =     "E \&{} S Library",
}
@Article{bruckstein,
  key =          "Koplowitz \&{} Bruckstein",
  author =       "J. Koplowitz and A. M. Bruckstein",
  title =        "Design of Perimeter Estimators for Digitized Planar
                 Shapes",
  journal =      "IEEE Transactions on Pattern Analysis and Machine
                 Intelligence",
  pages =        "611--622",
  volume =       "PAMI-11",
  number =       "6",
  month =        "jun",
  year =         "1989",
  location =     "E \&{} S Library",
}

@Article{bulow,
  author =       {R. Klette and T. B{\"u}low},
  title =        {Minimum-Length  Polygons in Simple Cube-Curves},
  journal =      {Discrete Geometry for Computer Imagery},
  year =         2000,
  pages=         {467--478}
}
@PhdThesis{cuisenaire,
  author = 	 {O. Cuisenaire},
  title = 	 {Distrance Transformations : Fast Algorithms and Applications to Medical Image Processing},
  school = 	 {Universit{\'e} Catholique de Louvain},
  year = 	 1999,
  month =	 {oct}
}


@inproceedings{dor91,
author="L. Dorst and A.W.M. Smeulders",
title= "Decomposition of discrete curves into piecewise 
straight  segments in linear time",
booktitle="Contemporary Mathematics",
year="1991",
volume="119",
}


@Article{jonas97,
  author =       "A. Jonas and N. Kiryati",
  title =        "Digital representation schemes for 3D curves",
  journal =      "Pattern Recognition ",
  pages =        "1803--1816",
  volume =       "30",
  number =       "11",
  year =         "1997",
}
@Article{kiryati93,
  author =       "N.~Kiryati and G.~Sz{\'e}kely",
  title =        "Estimating shortest paths and minimal distances on
                 digitized three-dimension surfaces",
  journal =      "Pattern Recognition",
  year =         "1993",
  volume =       "26",
  number =       "11",
  pages =        "1623--1637",
}
@inproceedings{ kiryati95,
    author = "N. Kiryati and O. Kubler",
    title = "On Chain Code Probabilities and Length Estimators for Digitized Three Dimensional
      Curves",
    text = "On Chain Code Probabilities and Length Estimators  for Digitized Three Dimensional Curves, Pattern Recognition, Vol. 28, pp.
      361-372, 1995.",
    year = "1995"
}
@article{klettePROOF,
  author = 	 {R. Klette and J. Zunic},
  title = 	 {Convergence of Calculated Features in Image Analysis},
  institution =  {Rapport de recherche, University of Auckland},
  year = 	 1999,
  number = 	 {CITR-TR-52}
}

@article{kletteeuclidean,
  author = 	 {T. Asano and Y. Kawamura and R. Klette and K. Obokata},
  title = 	 {A New Approximation Scheme for Digital Objects and Curve Length Estimations},
  institution =  {Raport de recherche, University of Auckland},
  year = 	 2000,
  number = 	 {CITR-TR-65},
  month = 	 {September}
}

@InProceedings{kletteyip,
  author = 	 {R. Klette and V. Kovalevsky and B. Yip },
  title = 	 {Lenth Estimation of Digital Curves},
  booktitle = 	 {Vision Geometry VIII - SPIE},
  pages = 	 {117--129},
  year = 	 1999,
  address = 	 {Denver},
  month = 	 {July}
}
@inproceedings{kov90,
author="V. A. Kovalesky",
title= " New defintion and fast recognition of digital straight segments and arcs",
booktitle="Proceedings of the tenth international conference on Pattern
				  Recognition", 
address="Atlantic City, New Jersey",
year=" June 16-21 1990",
}
@InProceedings{kova,
  author = 	 {V. Kovalevsky and S. Fuchs},
  title = 	 {Theoritical and Experimental Analysis of the Accuracy of Perimeter Estimates},
  booktitle = 	 {Robust Computer Vision},
  pages = 	 {218--242},
  year = 	 1992
}

@Article{linden88,
  author =       "M. Lindenbaum and J. Koplowitz",
  title =        "Compression of chain codes using digital straight line
sequences",
  journal =      "Pattern Recognition Letters",
  pages =        "167--171",
  number =       "7",
  month =        "march",
  year =         "1988",
}
@Article{megiddo,
  author =       "N. Megiddo",
  title =        "Linear Programming in Linear Time When the Dimension
                 Is Fixed",
  journal =      "Journal of the ACM",
  volume =       "31",
  number =       "1",
  pages =        "114--127",
  month =        jan,
  year =         "1984",
  coden =        "JACOAH",
  ISSN =         "0004-5411",
  bibdate =      "Wed Jan 15 18:12:53 MST 1997",
  abstract =     "It is demonstrated that the linear programming problem
                 in d variables and n constraints can be solved in
                 $O(n)$ time when d is fixed. This bound follows from a
                 multidimensional search technique which is applicable
                 for quadratic programming as well. There is also
                 developed an algorithm that is polynomial in both n and
                 d provided d is bounded by a certain slowly growing
                 function of n.",
  acknowledgement = ack-nhfb,
  classification = "921",
  journalabr =   "J Assoc Comput Mach",
  keywords =     "design of algorithms; genuinely polynomial time;
                 linear programming; linear time algorithms;
                 mathematical programming, linear; multidimensional
                 search; prune-and-search; quadratic programming;
                 smallest ball problem; worst-case analysis",
}
@PhdThesis{moreau,
  author = 	 {P. Moreau},
  title = 	 {Mod{\'e}lisation et g{\'e}n{\'e}ration de d{\'e}grad{\'e}s dans le plan discret},
  school = 	 {Universit{\'e} Bordeaux I},
  year = 	 1995
}
@Article{piper,
  author =       "J. Piper and E. Granum",
  title =        "Computing Distance Transformations in Convex and
                 Non-Convex Domains",
  year =         "1987",
  journal =      "Pattern Recognition",
  volume =       "20",
  institution =  "MRC",
  pages =        "599--615",
  keywords =     "IMAGE PART MEASUREMENT",
}

@InBook{sloboda1,
  author = 	 {F. Sloboda and B. Zatko and P. Ferianc},
  editor = 	 {R.Klette , A. Rosenfeld , F. Sloboda},
  title = 	 {Advances in Digital and Computational Geometry},
  chapter = 	 {On approximation of planar one-dimensional continua},
  publisher = 	 {Springer},
  year = 	 1998
}

@InProceedings{sloboda2,
  author = 	 {F. Sloboda and B. Zatko and R. Klette},
  title = 	 {On the Topology of grid continua},
  booktitle = 	 {Vision Geometry VII},
  pages = 	 {52--63},
  year = 	 1998,
  volume = 	 {SPIE Volume 3454},
  address = 	 {San Diego},
  month = 	 {July}
}
@Article{soille91,
  author =       "P. Soille",
  title =        "Spatial distributions from contour lines: an efficient
                 methodology based on distance transformations",
  journal =      "Journal of Visual Communication and Image
                 Representation",
  year =         "1991",
  volume =       "2",
  number =       "2",
  pages =        "138--150",
  month =        jun,
}
@Article{soille94,
  author =       "P. Soille",
  title =        "Generalized geodesy via geodesic time",
  journal =      "Pattern Recognition Letters",
  volume =       "15",
  number =       "12",
  pages =        "1235--1240",
  month =        dec,
  year =         "1994",
}
@InCollection{soille94ismm,
  author =       "P.~Soille",
  title =        "Generalized geodesic distances applied to
                 interpolation and shape description",
  booktitle =    "Mathematical morphology and its applications to image
                 processing",
  publisher =    "Kluwer Academic Publishers",
  year =         "1994",
  editor =       "J. Serra and P. Soille",
  pages =        "193--200",
}
@Book{soillebook,
  author =	 {P.~Soille},
  title = 	 {Morphological Image Analysis},
  publisher = 	 {Springer-Verlag},
  year = 	 1999,
  address =	 { Berlin, Heidelberg, New York}
}
@Article{sven,
  author =       {G. Sanniti di Baja and S. Svensson},
  title =        {Detecting centres of maximal discs},
  journal =      {Discrete Geometry for Computer Imagery},
  year =         2000,
  publisher = {Springer LNCS 1953},
pages=         {443--452}
}

@Article{verwer_uniform,
  key =          "Verwer et al.",
  author =       "B. J. H. Verwer and P. W. Verbeek and S.T Dekker",
  title =        "An Efficient Uniform Cost Algorithm Applied to
                 Distance Transforms",
  journal =      "IEEE Transactions on Pattern Analysis and Machine
                 Intelligence",
  pages =        "425--429",
  volume =       "PAMI-11",
  number =       "4",
  month =        apr,
  year =         "1989",
  location =     "E \&{} S Library",
}

@InProceedings{vittone,
  author = 	 {J. Vittone and J.M. Chassery},
  title = 	 {Recognition of Digital Naive Planes and Polyhedization},
  booktitle = 	 {Discrete Geometry for Computer Imagery},
  pages =	 {296--307},
  year =	 2000,
  OPTeditor =	 {G. Borgefors and I. Nystr{\"o}m and G. Sanniti di Baja},
  number =	 1953,
  series =	 {LNCS},
  OPTaddress =	 {Uppsala, Sweden},
  publisher =	 {Springer}
}
@Article{wu,
  author = 	 {L.D. Wu},
  title = 	 {On the chain code of a line},
  journal = 	 {IEEE Trans. Pattern Analysis and Machine Intelligence},
  year = 	 1982,
  volume =	 4,
  pages =	 {347--353}
}
