@InProceedings{KAU86,
  author = 	 {A. Kaufman and E. Shimony},
  title = 	 { 3-D scan conversion algorithms for voxel-based graphics},
  booktitle = 	 { ACM Workshop on Interactive 3D Graphics, ACM Press, NY},
  pages =	 {45--75},
  year =	 1986
}

@Article{JON_1998,
  author = 	 {A.~Jonas and N.~Kiryati},
  title = 	 {Length estimation in 3-{D} using cube quantization},
  journal = 	 {Journal of Mathematical Imaging and Vision},
  year = 	 1998,
  volume =	 8,
  pages =	 {215--238}
}

@Article{Hung85,
  author =       "S. H. Y. Hung",
  title =        "On the Straightness of Digital Arcs",
  year =         "1985",
  journal =      "IEEE Transactions on Pattern Analysis and Machine
                 Intelligence",
  volume =       "7",
  institution =  "NRC",
  pages =        "203--215",
  keywords =     "IMAGE PART FORM, SMALL DIMENSIONALITY"
}
 

@InProceedings{KLE_1999,
  author = 	 {R. Klette and V. Kovalevsky and B. Yip },
  title = 	 {Lenth Estimation of Digital Curves},
  booktitle = 	 {Vision Geometry VIII - SPIE},
  pages = 	 {117--129},
  year = 	 1999,
  address = 	 {Denver},
  month = 	 {July}
}



@InProceedings{KAU87b,
  author = 	 {A. Kaufman},
  title = 	 { Efficient algorithms for 3-D scan conversion of parametric curves,
                                  surfaces, volumes},
  booktitle = 	 { Computer Graphic 21, 4},
  pages =	 {171--179},
  year =	 1987
}




@InProceedings{KIM83,
  author = 	 {C.E. Kim},
  title = 	 {Three-dimensional digital line segments},
  booktitle = 	 {IEEE Transactions on Pattern Analysis and Machine
Intelligence},
  pages =	 {231--234},
  year =	 1983,
  volume =	 5
}

@Article{Fre-encoding-agc,
  author =       "H. Freeman",
  title =        "On Encoding Arbitrary Geometric Configurations",
  journal =      "IRE Transactions on Electronic Computers",
  year =         1961,
  volume =       10,
  pages =        "260--268"
}



@Article{Hirata,
  author =       "T. Hirata",
  title =        "A unified linear-time algorithm for computing distance
                 maps",
  journal =      "Information Processing Letters",
  volume =       58,
  number =       3,
  pages =        "129--133",
  day =          13,
  month =        may,
  year =         1996,
  coden =        "IFPLAT",
  ISSN =         "0020-0190",
  mrclass =      "68U10",
  mrnumber =     "97j:68137",
  bibdate =      "Wed Nov 11 12:16:26 MST 1998",
  acknowledgement = ack-nhfb,
  classification = "C1250 (Pattern recognition); C4240C (Computational
                 complexity); C5260B (Computer vision and image
                 processing techniques)",
  corpsource =   "Fac. of Eng., Nagoya Univ., Japan",
  keywords =     "binary image; chamfer; chessboard; city block;
                 computational complexity; computer vision; distance
                 maps; Euclidean; Euclidean distance; Euclidean distance
                 transform; image processing; machine vision; matrix
                 searching; octagonal",
  treatment =    "T Theoretical or Mathematical"
}


@Article{Guan,
  author =       "W. Guan and S. Ma",
  title =        "A List-Processing Approach to Compute Voronoi Diagrams and the Euclidean Distance Transform",
  journal =      "IEEETPAMI: IEEE Transactions on Pattern Analysis and
                 Machine Intelligence",
  volume =       20,
  pages =   "757--761",
  year =         1998
}




@Article{Freeman:1974:CPL,
  author =       "Herbert Freeman",
  title =        "Computer Processing of Line-Drawing Images",
  journal =      "ACM Computing Surveys",
  volume =       6,
  number =       1,
  pages =        "57--97",
  month =        mar,
  year =         1974,
  coden =        "CMSVAN",
 
  bibdate =      "Mon Sep 19 19:22:25 1994",
  acknowledgement = ack-nhfb
}


