
@inproceedings{bres65,
author    ="J.E. Bresenham",
title     = "Algorithm for computer control of a digital plotter",
booktitle ="IBM System Journal",
year      ="1965",
pages     = "25-30", 
volume    ="4",
}

@inproceedings{kov90,
author="V. A. Kovalesky",
title= " New defintion and fast recognition of digital straight segments and arcs",
booktitle="Proceedings of the tenth international conference on Pattern
				  Recognition", 
address="Atlantic City, New Jersey",
year=" June 16-21 1990",
}


@inproceedings{dor91,
author="L. Dorst and A.W.M. Smeulders",
title= "Decomposition of discrete curves into piecewise 
straight  segments in linear time",
booktitle="Contemporary Mathematics",
year="1991",
volume="119",
}


@Article{bruckstein,
  key =          "Koplowitz \&{} Bruckstein",
  author =       "J. Koplowitz and A. M. Bruckstein",
  title =        "Design of Perimeter Estimators for Digitized Planar
                 Shapes",
  journal =      "IEEE Transactions on Pattern Analysis and Machine
                 Intelligence",
  pages =        "611--622",
  volume =       "PAMI-11",
  number =       "6",
  month =        "jun",
  year =         "1989",
  location =     "E \&{} S Library",
}


@Article{bruck93,
  author =       "M. Lindenbaum and A. Bruckstein",
  title =        "On Recursive, O(n) Partitioning of a Digitized Curve into
Digital Straigth Segments",
   journal =      "IEEE Transactions on PatternAnalysis and Machine
Intelligence",
   pages =        "949--953",
volume =       "PAMI-15",
  number =       "9",
  month =        "september",
  year =         "1993",
  location =     "E \&{} S Library",
}


@Article{linden88,
  author =       "M. Lindenbaum and J. Koplowitz",
  title =        "Compression of chain codes using digital straight line
sequences",
  journal =      "Pattern Recognition Letters",
  pages =        "167--171",
  number =       "7",
  month =        "march",
  year =         "1988",
}



@Article{jonas97,
  author =       "A. Jonas and N. Kiryati",
  title =        "Digital representation schemes for 3D curves",
  journal =      "Pattern Recognition ",
  pages =        "1803--1816",
  volume =       "30",
  number =       "11",
  year =         "1997",
}



@Article{kiryati98,
  author = 	 {N. Kiryati and A. Jonas},
  title = 	 {Length estimation in 3D using Cube quantization},
  journal = 	 {Journal of Mathematical Imaging and Vision},
  year = 	 98,
  volume = 	 8,
  pages = 	 {215--2138}
}

@inproceedings{ kiryati95,
    author = "N. Kiryati and O. Kubler",
    title = "On Chain Code Probabilities and Length Estimators for Digitized Three Dimensional
      Curves",
    text = "On Chain Code Probabilities and Length Estimators  for Digitized Three Dimensional Curves, Pattern Recognition, Vol. 28, pp.
      361-372, 1995.",
    year = "1995"
}


@inproceedings{AMA87,
author="J. Amanatides and A. Woo",
title="A fast voxel traversal algorithm for ray tracing",
booktitle="Eurographic's 87",
year="1987",
pages="3-12",
}




@Article{Dorst,
  author =       "L. Dorst and A. W. M. Smeulders",
  title =        "Length Estimators for Digitized Contours",
  journal =      "Computer Vision, Graphics, and Image Processing",
  volume =       40,
  number =       3,
  pages =        "311--333",
  month =        dec,
  year =         1987,
  coden =        "CVGPDB",
  ISSN =         "0734-189X",
  bibdate =      "Thu Feb 6 18:44:11 MST 1997",
  acknowledgement = ack-nhfb,
  affiliation =  "Delft UT/Erasmus U",
  affiliationaddress = "Delft Univ of Technology, Delft, The
                 Netherlands",
  classification = "723; 921",
  journalabr =   "Comput Vision Graphics Image Process",
  keywords =     "chain code strings; digitized contours; Image
                 Analysis; image part measurement; image processing;
                 length estimators; mathematical techniques ---
                 Estimation; optimal estimators",
}

@Article{vialard,
  author =       {A. Vialard},
  title =        {Geometrical Parameters Extraction from Discrete Paths},
  journal =      {Discrete Geometry for Computer Imagery},
  year =         1996
}

@Article{bulow,
  author =       {R. Klette and T. B{\"u}low},
  title =        {Minimum-Length  Polygons in Simple Cube-Curves},
  journal =      {Discrete Geometry for Computer Imagery},
  year =         2000,
  pages=         {467--478}
}



@TechReport{kletteeuclidean,
  author = 	 {T. Asano and Y. Kawamura and R. Klette and K. Obokata},
  title = 	 {A New Approximation Scheme for Digital Objects and Curve Length Estimations},
  institution =  {Computer Science Departement of The University of Auckland},
  year = 	 2000,
  number = 	 {CITR-TR-65},
  month = 	 {September}
}



@InProceedings{kletteyip,
  author = 	 {R. Klette and V. Kovalevsky and B. Yip },
  title = 	 {Lenth Estimation of Digital Curves},
  booktitle = 	 {Vision Geometry VIII - SPIE},
  pages = 	 {117--129},
  year = 	 1999,
  address = 	 {Denver},
  month = 	 {July}
}


@InProceedings{kova,
  author = 	 {V. Kovalevsky and S. Fuchs},
  title = 	 {Theoritical and Experimental Analysis of the Accuracy of Perimeter Estimates},
  booktitle = 	 {Robust Computer Vision},
  pages = 	 {218--242},
  year = 	 1992
}

@InBook{sloboda1,
  author = 	 {F. Sloboda and B. Zatko and P. Ferianc},
  editor = 	 {R.Klette , A. Rosenfeld , F. Sloboda},
  title = 	 {Advances in Digital and Computational Geometry},
  chapter = 	 {On approximation of planar one-dimensional continua},
  publisher = 	 {Springer},
  year = 	 1998
}

@InProceedings{sloboda2,
  author = 	 {F. Sloboda and B. Zatko and R. Klette},
  title = 	 {On the Topology of grid continua},
  booktitle = 	 {Vision Geometry VII},
  pages = 	 {52--63},
  year = 	 1998,
  volume = 	 {SPIE Volume 3454},
  address = 	 {San Diego},
  month = 	 {July}
}

@TechReport{klettePROOF,
  author = 	 {R. Klette and J. Zunic},
  title = 	 {Convergence of Calculated Features in Image Analysis},
  institution =  {Computer Science Departement of The University of Auckland},
  year = 	 1999,
  number = 	 {CITR-TR-52}
}


@InProceedings{AND,
  author = 	 {E. Andres},
  title = 	 {Le plan discret},
  booktitle = 	 {Colloque en g{\'e}om\'etrie discr{\`e}te en imagerie:
fondements et applications},   
year = 	 1993,
  month = 	 {Septembre}
}


@InProceedings{DEBBOS94,
  author = 	 {I. Debled-Rennesson and J.P. Reveill{\`e}s},
  title = 	 {A new approach to digital planes},
  booktitle = 	 {In Vision Geometry III, SPIE, Boston},
  pages = 	 {12--21},
  year = 	 1994,
  volume = 	 2356
}

@PhdThesis{DEB95b,
  author = 	 {I. Debled-Rennesson},
  title = 	 {Etude et  reconnaissance des droites et plans discrets},
  school = 	 { Th{\`e}se. Universit{\'e} Louis Pasteur, Strasbourg},
  year = 	 1995
}

@InProceedings{DEB95,
  author = 	 {I. Debled-Rennesson and J.P. Reveill{\`e}s},
  title = 	 {A linear algorithm for segmentation of digital curves},
  booktitle = 	 {International Journal of Pattern Recognition and Artificial
  Intelligence},
  pages = 	 {635--662},
  year = 	 1995,
  volume = 	 9
}

@InProceedings{FIG95,
  author = 	 {O. Figueiredo and J.P. Reveill{\`e}s},
  title = 	 {A contribution to 3D digital lines},
  booktitle = 	 {Proc. DCGI'5},
  pages =	 {187--198},
  year =	 1995
}

@InProceedings{KAU87b,
  author = 	 {A. Kaufman},
  title = 	 { Efficient algorithms for 3-D scan conversion of parametric curves,
                                  surfaces, volumes},
  booktitle = 	 { Computer Graphic 21, 4},
  pages =	 {171--179},
  year =	 1987
}

@InProceedings{KAU86,
  author = 	 {A. Kaufman and E. Shimony},
  title = 	 { 3-D scan conversion algorithms for voxel-based graphics},
  booktitle = 	 { ACM Workshop on Interactive 3D Graphics, ACM Press, NY},
  pages =	 {45--75},
  year =	 1986
}

@InProceedings{KAU87a,
  author = 	 {A. Kaufman},
  title = 	 { An algorithm for 3-D scan conversion of polygons},
  booktitle = 	 { Proc. Eurographic's 87},
  pages =	 {197--208},
  year =	 1987
}
@InProceedings{KIM83,
  author = 	 {C.E. Kim},
  title = 	 {Three-dimensional digital line segments},
  booktitle = 	 {IEEE Transactions on Pattern Analysis and Machine
Intelligence},
  pages =	 {231--234},
  year =	 1983,
  volume =	 5
}

@InProceedings{CO91,
  author = 	 {D. Cohen and A. Kaufman},
  title = 	 {Scan-Conversion Algorithms for linear and Quadratic Objects},
  booktitle = 	 {IEEE Computer Society Press, Los Alamitos, Calif},
  pages =	 {280--301},
  year =	 1991
}


@InProceedings{CO97,
  author = 	 {D. Cohen-Or and A. Kaufman},
  title = 	 {3D Line Voxelization and Connectivity Control},
  booktitle = 	 {IEEE Computer Graphics and Applications},
  pages =	 {80--87},
  year =	 1997
}

@PhdThesis{REV,
  author = 	 {J.P. Reveill{\`e}s},
  title = 	 {G{\'e}om{\'e}trie discr{\`e}te, calculs en nombre entiers et
algorithmique},
  school = 	 {Th{\`e}se d'{\'e}tat, Universit{\'e} Louis Pasteur, Strasbourg},
  year = 	 1991
}



@InProceedings{STO91,
  author = 	 {I. Stojmenovi{\'c} and R. Tosi{\'c}},
  title = 	 { Digitization schemes and the recognition of digital straight lines,
hyperplanes and flats in arbitrary dimensions},
  booktitle = 	 {Vision
Geometry,contemporary Mathematics Series},
  pages =	 {197--212},
  year =	 1991,
  volume =	 119,
  address =	 {American Mathematical Society,
Providence, RI}
}



@PhdThesis{VID92,
  author = 	 {B. Vidal},
  title = 	 {Vers un lancer de rayon discret.},
  school = 	 {Th{\`e}se de Doctorat, Lille},
  year = 	 1992
}




@Article{bruckstein,
  key =          "Koplowitz \&{} Bruckstein",
  author =       "Jack Koplowitz and Alfred M. Bruckstein",
  title =        "Design of Perimeter Estimators for Digitized Planar
                 Shapes",
  journal =      "IEEE Transactions on Pattern Analysis and Machine
                 Intelligence",
  pages =        "611--622",
  volume =       "PAMI-11",
  number =       "6",
  month =        jun,
  year =         "1989",
  location =     "E \&{} S Library",
}

@Article{kiryati98,
  author = 	 {N. Kiryati and A. Jonas},
  title = 	 {Length estimation in 3D using Cube quantization},
  journal = 	 {Journal of Mathematical Imaging and Vision},
  year = 	 98,
  volume = 	 8,
  pages = 	 {215--2138}
}

@inproceedings{ kiryati95,
    author = "N. Kiryati and O. Kubler",
    title = "On Chain Code Probabilities and Length Estimators for Digitized Three Dimensional
      Curves",
    text = "On Chain Code Probabilities and Length Estimators  for Digitized Three Dimensional Curves, Pattern Recognition, Vol. 28, pp.
      361-372, 1995.",
    year = "1995"
}
@inproceedings{AMA87,
author="J. Amanatides and A. Woo",
title="A fast voxel traversal algorithm for ray tracing",
booktitle="Eurographic's 87",
year="1987",
pages="3-12",
}




@Article{Dorst,
  author =       "Leo Dorst and Arnold W. M. Smeulders",
  title =        "Length Estimators for Digitized Contours",
  journal =      "Computer Vision, Graphics, and Image Processing",
  volume =       "40",
  number =       "3",
  pages =        "311--333",
  month =        dec,
  year =         "1987",
  coden =        "CVGPDB",
  ISSN =         "0734-189X",
  bibdate =      "Thu Feb 6 18:44:11 MST 1997",
  acknowledgement = ack-nhfb,
  affiliation =  "Delft UT/Erasmus U",
  affiliationaddress = "Delft Univ of Technology, Delft, The
                 Netherlands",
  classification = "723; 921",
  journalabr =   "Comput Vision Graphics Image Process",
  keywords =     "chain code strings; digitized contours; Image
                 Analysis; image part measurement; image processing;
                 length estimators; mathematical techniques ---
                 Estimation; optimal estimators",
}

@Article{vialard,
  author =       {Anne Vialard},
  title =        {Geometrical Parameters Extraction from Discrete Paths},
  journal =      {Discrete Geometry for Computer Imagery},
  year =         1996
}

@Article{bulow,
  author =       {Reinhard Klette and Thomas B{\"u}low},
  title =        {Minimum-Length  Polygons in Simple Cube-Curves},
  journal =      {Discrete Geometry for Computer Imagery},
  year =         2000,
  pages=         {467--478}
}



@TechReport{kletteeuclidean,
  author = 	 {T. Asano and Y. Kawamura and R. Klette and K. Obokata},
  title = 	 {A New Approximation Scheme for Digital Objects and Curve Length Estimations},
  institution =  {Computer Science Departement of The University of Auckland},
  year = 	 {2000},
  OPTkey = 	 {},
  OPTtype = 	 {},
  number = 	 {CITR-TR-65},
  OPTaddress = 	 {},
  month = 	 {September},
  OPTnote = 	 {},
  OPTannote = 	 {}
}



@InProceedings{kletteyip,
  author = 	 {Reinhard Klette and Vladimir Kovalevsky and Ben Yip },
  title = 	 {Lenth Estimation of Digital Curves},
  booktitle = 	 {Vision Geometry VIII - SPIE},
  OPTcrossref =  {},
  OPTkey = 	 {},
  pages = 	 {117--129},
  year = 	 {1999},
  OPTeditor = 	 {},
  OPTvolume = 	 {},
  OPTnumber = 	 {},
  OPTseries = 	 {},
  address = 	 {Denver},
  month = 	 {July},
  OPTorganization = {},
  OPTpublisher = {},
  OPTnote = 	 {},
  OPTannote = 	 {}
}


@InProceedings{kova,
  author = 	 {Vladimir Kovalevsky and S. Fuchs},
  title = 	 {Theoritical and Experimental Analysis of the Accuracy of Perimeter Estimates},
  booktitle = 	 {Robust Computer Vision},
  OPTcrossref =  {},
  OPTkey = 	 {},
  pages = 	 {218--242},
  year = 	 {1992},
  OPTeditor = 	 {},
  OPTvolume = 	 {},
  OPTnumber = 	 {},
  OPTseries = 	 {},
  OPTaddress = 	 {},
  OPTmonth = 	 {},
  OPTorganization = {},
  OPTpublisher = {},
  OPTnote = 	 {},
  OPTannote = 	 {}
}

@InBook{sloboda1,
  author = 	 {F. Sloboda and B. Zatko and P. Ferianc},
  editor = 	 {R.Klette , A. Rosenfeld , F. Sloboda},
  title = 	 {Advances in Digital and Computational Geometry},
  chapter = 	 {On approximation of planar one-dimensional continua},
  publisher = 	 {Springer},
  year = 	 {1998},
  OPTkey = 	 {},
  OPTvolume = 	 {},
  OPTnumber = 	 {},
  OPTseries = 	 {},
  OPTtype = 	 {},
  OPTaddress = 	 {},
  OPTedition = 	 {},
  OPTmonth = 	 {},
  OPTpages = 	 {},
  OPTnote = 	 {},
  OPTannote = 	 {}
}

@InProceedings{sloboda2,
  author = 	 {F. Sloboda and B. Zatko and R. Klette},
  title = 	 {On the Topology of grid continua},
  booktitle = 	 {Vision Geometry VII},
  pages = 	 {52--63},
  year = 	 1998,
  volume = 	 {SPIE Volume 3454},
  address = 	 {San Diego},
  month = 	 {July}
}

@TechReport{klettePROOF,
  author = 	 {Reinhard Klette and Jovisa Zunic},
  title = 	 {Convergence of Calculated Features in Image Analysis},
  institution =  {Computer Science Departement of The University of Auckland},
  year = 	 1999,
  number = 	 {CITR-TR-52}
}


@InProceedings{AND,
  author = 	 {Eric Andres},
  title = 	 {Le plan discret},
  booktitle = 	 {Colloque en g{\'e}om\'etrie discr{\`e}te en imagerie:
fondements et applications},   
year = 	 1993,
  month = 	 {Septembre}
}


@InProceedings{DEBBOS94,
  author = 	 {I. Debled and J.P. Reveill{\`e}s},
  title = 	 {A new approach to digital planes},
  booktitle = 	 {In Vision Geometry III, SPIE, Boston},
  pages = 	 {12--21},
  year = 	 1994,
  volume = 	 2356
}

@PhdThesis{DEB95b,
  author = 	 {I. Debled-Rennesson},
  title = 	 {Etude et  reconnaissance des droites et plans discrets},
  school = 	 { Th{\`e}se. Universit{\'e} Louis Pasteur, Strasbourg},
  year = 	 1995
}

@InProceedings{DEB95,
  author = 	 {I. Debled-Rennesson and J.P. Reveill{\`e}s},
  title = 	 {A linear algorithm for segmentation of digital curves},
  booktitle = 	 {International Journal of Pattern Recognition and Artificial
  Intelligence},
  pages = 	 {635--662},
  year = 	 1995,
  volume = 	 9
}

@InProceedings{FIG95,
  author = 	 {O. Figueiredo and J.P. Reveill{\`e}s},
  title = 	 {A contribution to 3D digital lines},
  booktitle = 	 {Proc. DCGI'5},
  pages =	 {187--198},
  year =	 1995
}

@InProceedings{KAU87b,
  author = 	 {A. Kaufman},
  title = 	 { Efficient algorithms for 3-D scan conversion of parametric curves,
                                  surfaces, volumes},
  booktitle = 	 { Computer Graphic 21, 4},
  pages =	 {171--179},
  year =	 1987
}

@InProceedings{KAU86,
  author = 	 {A. Kaufman and E. Shimony},
  title = 	 { 3-D scan conversion algorithms for voxel-based graphics},
  booktitle = 	 { ACM Workshop on Interactive 3D Graphics, ACM Press, NY},
  pages =	 {45--75},
  year =	 1986
}

@InProceedings{KAU87a,
  author = 	 {A. Kaufman},
  title = 	 { An algorithm for 3-D scan conversion of polygons},
  booktitle = 	 { Proc. Eurographic's 87},
  pages =	 {197--208},
  year =	 1987
}
@InProceedings{KIM83,
  author = 	 {C.E. Kim},
  title = 	 {Three-dimensional digital line segments},
  booktitle = 	 {IEEE Transactions on Pattern Analysis and Machine
Intelligence},
  pages =	 {231--234},
  year =	 1983,
  volume =	 5
}

@InProceedings{CO91,
  author = 	 {D. Cohen and A. Kaufman},
  title = 	 {Scan-Conversion Algorithms for linear and Quadratic Objects},
  booktitle = 	 {IEEE Computer Society Press, Los Alamitos, Calif},
  pages =	 {280--301},
  year =	 1991
}


@InProceedings{CO97,
  author = 	 {D. Cohen-Or and A. Kaufman},
  title = 	 {3D Line Voxelization and Connectivity Control},
  booktitle = 	 {IEEE Computer Graphics and Applications},
  pages =	 {80--87},
  year =	 1997
}

@PhdThesis{REV,
  author = 	 {J.P. Reveill{\`e}s},
  title = 	 {G{\'e}om{\'e}trie discr{\`e}te, calculs en nombre entiers et
algorithmique},
  school = 	 {Th{\`e}se d'{\'e}tat, Universit{\'e} Louis Pasteur, Strasbourg},
  year = 	 1991
}



@InProceedings{STO91,
  author = 	 {I. Stojmenovi{\'c} and R. Tosi{\'c}},
  title = 	 { Digitization schemes and the recognition of digital straight lines,
hyperplanes and flats in arbitrary dimensions},
  booktitle = 	 {Vision
Geometry,contemporary Mathematics Series},
  pages =	 {197--212},
  year =	 1991,
  volume =	 119,
  address =	 {American Mathematical Society,
Providence, RI}
}



@PhdThesis{VID92,
  author = 	 {B. Vidal},
  title = 	 {Vers un lancer de rayon discret.},
  school = 	 {Th{\`e}se de Doctorat, Lille},
  year = 	 1992
}

